3509 5067
627 303 713 369 66
1510 302 1794 378 ,nanticus
1827 303 2072 359 Schmidt
2874 305 2986 394 [6.ss

534 465 542 472 ’
624 475 806 540 Luce
871 472 1117 539 clarius
1183 476 1286 539 est
1343 472 1638 539 omnibus
1711 473 1818 539 his
1882 474 2043 541 locis
2111 475 2551 542 demonstrari
2617 475 2985 559 opinionem

624 582 928 645 veterum
970 575 1315 658 vulgarem
1357 575 1683 660 extitisse,
1742 594 1877 657 qua
1927 576 2228 644 commoti
2286 576 2581 645 homines
2624 567 2754 645 non
2796 581 2985 647 dubi·

626 681 883 760 tabant,
946 678 1107 759 quin
1149 677 1486 745 silentium
1531 678 1923 745 altissimum
1980 680 2381 747 servandum
2439 685 2633 764 esset,
2689 700 2774 748 ne
2832 684 2984 750 dae-

625 800 847 848 mones
888 799 1146 864 semper
1188 780 1473 847 nocituri
1531 785 2038 863 praetereuntes
2098 781 2409 849 audirent
2453 801 2620 850 neve
2679 785 2987 852 damnum

625 884 723 951 eis
752 882 1109 950 inferrent.

796 1003 1223 1070 Precationes
1288 1002 1538 1069 tacitae
1603 1004 1820 1069 adhuc
1884 1007 2342 1085 pertractatae
2415 1004 2737 1087 imprimis
2811 1004 2984 1072 anti-

625 1124 897 1188 quorum
954 1110 1313 1187 temporum
1357 1105 1681 1188 propriae,
1734 1109 2061 1187 quatenus
2116 1106 2507 1174 inhonestae
2565 1106 2676 1174 vel
2735 1126 2984 1190 pravae

625 1213 836 1293 erant,
879 1208 1200 1275 radicitus
1231 1208 1370 1274 fere
1401 1208 1767 1274 christiana
1796 1208 2115 1292 religione
2146 1210 2484 1276 submotae
2509 1212 2680 1276 sunt.
2767 1208 2986 1277 Erant

624 1317 844 1379 autem
888 1311 1022 1377 iam
1078 1312 1254 1393 apud
1303 1311 1591 1394 gentiles
1649 1312 1987 1378 tacitae
2040 1311 2595 1393 precationes
2650 1313 2984 1379 nostris

624 1432 945 1497 quoque
976 1414 1132 1480 hon
1156 1413 1635 1480 estioribus
1666 1414 2004 1480 deorum
2036 1413 2602 1498 opinionibus
2632 1414 2985 1499 simileS,

517 1583 519 1585 ,
626 1535 795 1598 quae
839 1515 1080 1583 eisdem
1126 1515 1343 1582 causis
1374 1514 1852 1599 efficiebantur,
1898 1516 2136 1597 quibus
2176 1516 2520 1582 christiani
2548 1518 2984 1600 adducuntur,

623 1624 702 1685 ut
742 1617 950 1684 tacite
1010 1620 1199 1684 deum
1260 1619 1552 1684 adorent.
1653 1618 1875 1684 Primo
1940 1618 2012 1683 in
2070 1618 2528 1702 Apollonio
2585 1620 2983 1701 Tyanaeo

623 1738 859 1802 puram
901 1719 1086 1786 illam
1145 1719 1477 1786 numinum
1525 1720 1872 1804 notionem,
1932 1721 2182 1787 cultum
2239 1721 2427 1786 illum
2488 1723 2751 1787 deorum
2811 1722 2984 1788 omni

626 1840 893 1904 corpore
938 1825 1289 1905 carentem,
1346 1821 1459 1903 qui
1501 1826 1737 1904 postea
1784 1827 1853 1888 et
1899 1825 2077 1905 apud
2122 1841 2413 1906 paganos
2459 1828 2529 1889 et
2572 1823 2985 1891 Christianos

624 1943 823 2007 saepe
846 1923 1035 1991 nobis
1060 1922 1425 2008 apparebit,
1456 1924 1848 1992 invenimus,
1904 1925 2259 2007 Supremas
2292 1927 2469 2009 deuS,
2501 1944 2632 2007 qua
2662 1932 2767 1992 est
2794 1944 2984 1992 sanc-

622 2026 823 2094 titate
895 2032 964 2093 et
1015 2027 1399 2110 maiestate,
1458 2027 1664 2093 solum
1721 2028 1931 2094 tacita
1989 2027 2371 2110 precatione
2433 2030 2804 2095 adorandus
2862 2033 2985 2096 est.

621 2129 856 2197 Refert
898 2130 1229 2196 Eusebius
1273 2148 1496 2212 praep.
1556 2147 1792 2214 evang.
1838 2130 1943 2196 ΠΙ
2002 2131 2043 2196 3
2087 2130 2422 2212 Apollonii
2467 2130 2745 2198 dictum:
2802 2128 2987 2194 Ἀλλὰ
3077 2177 3083 2184 .

623 2230 764 2296 διὰ
837 2240 1073 2316 σιγῆς
1146 2235 1422 2317 καθαρ
1443 2242 1535 2307 ἃς
1598 2232 1729 2295 καὶ
1795 2242 1950 2295 τῶν
2014 2231 2207 2315 περὶ
2276 2231 2528 2296 αὐτοῦ
2591 2234 2987 2317 καθαρῶν

622 2334 755 2399 ἒνν
777 2345 972 2399 οιῶν
1042 2336 1615 2419 θρησκεύομεν
1686 2333 1922 2400 αὐτόν
1943 2335 1986 2401 ¹.
2108 2338 2327 2417 Atque
2406 2335 2977 2419 PorphyriUS,

622 2457 767 2504 cum
811 2438 1230 2520 Apollonium
1274 2439 1523 2520 laudat,
1568 2438 1777 2504 tacite
1817 2443 1886 2504 et
1945 2437 2126 2504 intra
2183 2457 2256 2504 se
2309 2438 2483 2521 ipsos
2526 2438 2815 2505 homines
2858 2438 2977 2504 im-

621 2540 885 2622 plorare
929 2541 1083 2606 deos
1127 2540 1337 2623 iussit,
1384 2542 1465 2605 de
1511 2539 1921 2606 abstinentia
1964 2539 2088 2625 (ed.
2119 2540 2376 2625 Nauck)
2422 2541 2492 2606 Il
2528 2542 2632 2607 34.
2718 2541 2976 2607 Summo

621 2644 740 2709 deo
764 2647 834 2708 et
864 2642 1105 2724 optimo
1129 2641 1312 2725 nihil,
1343 2643 1515 2723 quod
1537 2641 1839 2709 sensibus
1861 2641 2227 2710 subiectum
2247 2642 2355 2726 sit,
2385 2642 2784 2710 offerendum
2813 2662 2976 2726 esse,

617 2745 846 2826 itaque
885 2763 971 2811 ne
1013 2763 1245 2811 nomen
1291 2744 1552 2826 quidem
1611 2745 2117 2829 orationemque,
2174 2765 2343 2827 quae
2402 2746 2672 2812 auribus
2725 2746 2976 2829 percipi

617 2847 842 2930 possit,
873 2848 993 2914 deo
1023 2847 1226 2932 digna
1255 2865 1415 2930 esse,
1460 2853 1691 2923 contra
1736 2867 1963 2915 verum
1996 2850 2264 2914 deorum
2294 2849 2540 2915 cultum
2569 2867 2714 2915 esse
2743 2867 2976 2930 purum

618 2951 955 3018 silentium
1012 2969 1373 3032 puramque
1430 2954 1743 3017 mentem:
1817 2951 1940 3015 Διὸ
2014 2949 2203 3014 οὐδὲ
2265 2949 2461 3034 λόγο
2480 2972 2513 3026 ς
2566 2951 2830 3035 τούτῳ
2856 2950 2881 2988 ²
2939 2948 2974 3015 ὅ

617 3052 824 3117 κατὰ
879 3073 933 3138 φ
951 3051 1103 3137 ωνὴ
1121 3074 1154 3116 ν
1219 3074 1255 3116 o
1273 3051 1490 3116 ἱκεῖο
1509 3074 1542 3128 ς
1561 3053 1605 3135 ⁸,
1679 3050 1816 3117 οὐδ’
1862 3052 1897 3117 ὃ
1942 3050 2142 3126 ἔνδον,
2201 3052 2354 3118 ὅταν
2409 3053 2621 3117 πάθει
2676 3061 2889 3137 ψυχῆς
2930 3046 2970 3136 ᾗ

616 3143 1111 3237 μεμολυσμένὸς,
1163 3152 1301 3219 διὰ
1331 3152 1416 3218 δὲ
1459 3162 1696 3240 σιγῆς
1724 3156 2101 3239 καθαρᾶς
2138 3155 2276 3220 καὶ
2309 3165 2463 3219 τῶν
2500 3154 2696 3242 περὶ
2724 3154 2976 3219 αὐτοῦ

606 3343 688 3394 Ἡ
693 3361 768 3395 συ
778 3362 810 3406 χ
825 3362 855 3394 o
868 3362 920 3412 c,
975 3359 1096 3397 cum
1154 3344 1360 3407 Σεμναὶ
1411 3342 1727 3398 colebantur
1740 3384 1753 3411 ,
1802 3342 2085 3398 silentium
2131 3342 2409 3398 observari
2458 3342 2623 3398 iussit
2638 3386 2651 3413 ,
2704 3342 2773 3397 oi.
2807 3342 2974 3398 schol.

617 3429 688 3485 ad
736 3428 974 3499 Sophocl.
1022 3427 1157 3483 Oed.
1210 3427 1394 3483 Colon.
1446 3445 1499 3483 v.
1546 3427 1666 3482 489.
1754 3429 2005 3496 Hesycho
2058 3428 2325 3484 finitimus
2383 3433 2471 3484 est
2520 3428 2725 3483 Dorum
2770 3426 2975 3498 Ἡρωσ

618 3510 969 3584 Εὔφημος,
1006 3513 1073 3569 de
1108 3530 1214 3583 quo
1249 3513 1415 3569 velim
1451 3514 1693 3569 conferas
1728 3514 1799 3569 Η.
1834 3515 2107 3569 Usener
2146 3512 2543 3569 Gottcrnamcn
2577 3528 2629 3582 p.
2665 3513 2858 3582 265sq.

792 3600 813 3631 ²
849 3601 1000 3656 Idem
1034 3599 1280 3669 postulat
1325 3599 1643 3669 Apollonius
1690 3600 1982 3668 Tyanaeus
2035 3599 2180 3668 apud
2215 3599 2509 3655 Eusebium
2545 3614 2729 3668 praep.
2778 3615 2976 3669 evang.

613 3686 699 3743 IV
735 3685 818 3756 13,
854 3703 908 3741 v.
944 3686 1195 3741 Sudhaus
1230 3686 1267 3740 l.
1302 3686 1338 3741 l.
1374 3703 1427 3755 p.
1462 3684 1580 3756 200,
1618 3701 1743 3740 ann.
1782 3684 1829 3737 1.

789 3771 813 3804 ²
846 3771 916 3827 Η.
952 3786 1000 3827 e.
1035 3787 1284 3841 supremo
1319 3771 1435 3827 deo.
1504 3772 1646 3825 Deos
1671 3770 1895 3826 secundi
1916 3770 2119 3826 ordinis
2141 3770 2323 3826 ver-bis
2358 3784 2572 3839 queque
2606 3770 2974 3840 implorandos

610 3864 672 3914 et
704 3857 1095 3927 praedicandos
1130 3872 1248 3932 esse
1280 3855 1340 3912 in
1374 3857 1454 3912 eis
1488 3871 1629 3924 quae
1662 3857 1700 3911 1.
1733 3857 1772 3911 l.
1808 3861 2116 3925 sequuntur
2150 3856 2404 3911 ostendit.

787 3942 811 3975 ⁸
843 3943 996 3998 Idem
1041 3942 1200 3997 docet
1243 3946 1434 3997 auctor
1477 3941 1810 3998 christianus
1855 3941 2153 4012 Gregorius
2198 3941 2493 4011 Nyssenus,
2542 3940 2731 4011 migne
2766 3940 2974 3997 Patr-ol.

613 4045 699 4098 gr.
734 4028 886 4083 XLV
919 4044 973 4097 p.
1006 4026 1192 4082 9450:
1239 4024 1422 4092 Ἀὐτὴν
1456 4023 1514 4078 δὲ
1547 4025 1648 4093 τὴν
1683 4025 1873 4078 οὐσίαν
1909 4025 1979 4082 ὥς
2015 4024 2140 4078 οὔτε
2173 4023 2385 4091 διανοίᾳ
2417 4029 2529 4079 τινὶ
2561 4024 2809 4096 χωρητὴν
2844 4023 2974 4079 οὔτε

613 4111 758 4182 λόγῳ
791 4111 1040 4183 φραστὴν
1078 4156 1089 4167 .
1127 4156 1139 4168 .
1179 4155 1192 4168 .
1230 4114 1451 4179 σιωπῇ
1485 4113 1843 4178 τιμᾶσθαι
1875 4111 2293 4178 νομοθετήσασα
2325 4110 2378 4182 (ἢ
2404 4109 2534 4179 ἁγία
2554 4110 2773 4181 γραφή),
2812 4111 2872 4161 su
2893 4110 2976 4174 τῷ

612 4196 839 4250 κωλύειν
871 4199 986 4250 τῶν
1020 4200 1348 4267 βαθυτέρων
1379 4197 1482 4262 τὴν
1512 4197 1729 4263 ζήτησιν
1765 4201 1855 4249 καὶ
1877 4200 1937 4249 ἐν
1960 4200 2041 4262 τῷ
2064 4194 2236 4265 λέγειν
2270 4195 2354 4263 μὴ
2392 4192 2544 4249 δεῖν
2577 4194 2974 4265 ἐξενεγκεῖν

612 4285 794 4354 ῥῆμα
829 4282 960 4353 πρὸ
1007 4282 1376 4353 προσώπου
1417 4282 1603 4335 θεοῦ.
