3509 5067
613 1589 716 1656 De
737 1589 1044 1673 precibus
1064 1591 1371 1657 veterum
1392 1586 1585 1653 multi
1607 1586 2016 1669 scripserunt
2035 1587 2168 1655 viri
2191 1588 2385 1673 docti,
2414 1607 2686 1671 quorum
2716 1610 2801 1659 ex

440 1711 709 1759 numero
737 1711 950 1776 nuper
979 1691 1254 1759 Carolus
1283 1688 1561 1756 Ausfeld
1582 1689 1607 1726 ¹
1650 1687 1960 1772 privatas
1987 1689 2308 1773 imprimis
2337 1709 2585 1776 preces,
2629 1711 2799 1775 quae

443 1795 704 1876 quidem
747 1794 1180 1862 inveniantur
1220 1793 1292 1859 in
1331 1790 1650 1876 diverbiis
1680 1797 2024 1874 poetarum
2066 1793 2470 1875 tragicorum
2499 1798 2571 1861 et
2605 1788 2810 1862 comi-'

443 1916 681 1981 corum
716 1896 1136 1981 perquisivit.
1224 1895 1390 1962 Post
1419 1894 1720 1961 Carolum
1750 1894 2029 1962 Ausfeld
2057 1895 2473 1978 precationes
2500 1902 2801 1965 veterum

439 1999 837 2067 novissimus
907 1996 1351 2083 investigavit
1416 1996 1752 2063 Conradus
1810 1996 2076 2080 Ziegler
2158 1997 2285 2083 (De
2353 1998 2798 2080 precationum

443 2103 622 2184 apud
650 2102 940 2169 Graecos
970 2100 1198 2167 formis
1229 2097 1654 2181 quaest-iones
1675 2098 1980 2184 selectae,
2011 2099 2180 2166 Diss.
2204 2100 2567 2168 Vratislav.
2591 2101 2802 2189 1905),

444 2203 560 2286 qui
600 2204 876 2271 formam
921 2202 1247 2285 imprimis
1292 2201 1697 2285 observavit,
1741 2220 1887 2268 cum
1932 2220 2071 2285 ego,
2111 2204 2426 2284 quomodo
2471 2204 2803 2271 senserint

443 2311 518 2372 et
559 2305 1003 2373 iudicaverint
1044 2307 1128 2372 de
1174 2303 1484 2386 precibus
1529 2303 1918 2388 philosophi,
1975 2323 2299 2387 exponere
2343 2312 2618 2373 conatus
2658 2305 2798 2373 sim.

611 2410 833 2490 Atque
892 2405 1393 2489 antiquissimae
1467 2405 1727 2488 quidem
1801 2406 2213 2488 precationes
2270 2407 2343 2473 in
2400 2408 2797 2476 carminibus

440 2512 631 2577 Hom
649 2530 687 2578 e
701 2510 774 2577 ri
817 2510 1263 2593 reperiuntur,
1305 2509 1378 2576 in
1407 2509 1648 2591 quibus
1684 2508 2055 2591 quicunque
2083 2514 2412 2593 precatur,
2456 2509 2645 2592 quasi
2686 2529 2797 2578 ne-

438 2613 692 2697 gotium
744 2612 1024 2697 conficit,
1089 2616 1424 2694 tamquam
1494 2612 1746 2679 lucrum
1811 2610 2036 2678 facere
2090 2611 2248 2679 volt.
2334 2611 2526 2696 Quod
2575 2617 2798 2680 autem

439 2716 511 2781 in
537 2714 914 2782 universum
945 2715 1023 2782 G.
1055 2714 1298 2782 Kaibel
1327 2713 1648 2800 (Sophocl.
1677 2713 1782 2780 El.
1812 2733 1872 2796 p.
1902 2715 2057 2799 282)
2084 2712 2188 2779 ita
2217 2714 2571 2795 expressit:
2617 2715 2802 2780 Gebet

443 2817 579 2882 und
633 2816 979 2899 Erho’runy
1032 2816 1341 2881 verhalten
1395 2815 1527 2881 sich
1582 2817 1695 2881 wie
1749 2815 2053 2901 Leistuny
2111 2816 2247 2880 und
2304 2816 2799 2902 Geyenleistuny,

443 2922 622 3002 apud
663 2920 1018 2986 Homerum
1061 2918 1382 3000 imprimis
1425 2918 1627 2985 valet.
1716 2918 2032 2985 Homines
2090 2918 2265 2984 enim
2308 2920 2463 2985 deos
2522 2924 2642 2994 aut
2685 2921 2798 2986 ad-

445 3026 727 3106 monent,
769 3025 931 3103 quot
975 3020 1304 3104 victimas,
1359 3020 1632 3104 hostias,
1689 3019 2047 3087 libationes
2100 3021 2497 3104 acceperint,
2551 3026 2672 3088 aut
2725 3040 2797 3088 se

440 3123 928 3190 sacrificaturos
942 3122 1357 3207 pollicentur,
1379 3141 1498 3206 pro
1520 3123 1761 3205 quibus
1778 3123 1886 3189 dei
1900 3121 2186 3206 gratiam
2202 3123 2452 3190 referre
2467 3123 2798 3191 iubentur.

442 3226 537 3293 Ut
557 3225 768 3309 igitur
789 3226 975 3292 donis
1000 3224 1295 3308 acceptis
1318 3225 1428 3292 dei
1456 3225 1737 3309 obligati
1766 3230 1939 3309 suut,
1967 3225 2067 3292 ita
2089 3225 2490 3308 accipiendis
2512 3226 2799 3293 illiciun-

446 3333 561 3395 tur
578 3333 655 3395 fet
682 3329 1134 3412 admoventur,
1161 3332 1239 3394 ut
1269 3333 1659 3395 succurrant
1685 3326 2075 3395 hominibus.
2119 3327 2305 3411 Quod
2334 3347 2545 3411 genus
2572 3346 2799 3411 preca-

443 3429 699 3497 tionum
748 3429 1177 3515 simplicium,
1236 3435 1313 3497 ut
1369 3430 1687 3497 nonnulla
1743 3429 2045 3513 exempla
2103 3430 2400 3514 afferam,
2456 3431 2801 3499 invenitur

619 3668 640 3701 ¹
673 3669 757 3723 De
791 3668 1120 3724 Graecorum
1164 3667 1568 3737 precationibus
1621 3667 1987 3737 quaestiones,
2039 3667 2234 3723 Jahrb.
2283 3667 2330 3736 f.
2383 3667 2547 3723 klass.
2599 3667 2798 3722 Philol.

445 3751 770 3822 Suppl.·Bd.
805 3751 889 3822 28,
929 3752 1079 3806 1903.
1160 3752 1286 3822 Eos,
1334 3751 1429 3821 qui
1466 3760 1702 3822 egerunt
1737 3752 1807 3807 dc
1840 3751 2105 3822 precibus,
2153 3757 2439 3807 enumerat
2472 3753 2531 3808 C.
2569 3752 2799 3808 Ausfeld

441 3854 496 3907 p.
530 3837 650 3905 505,
697 3837 895 3906 quibus
929 3837 1087 3906 addo,
1134 3852 1269 3905 quos
1308 3837 1518 3892 omisit:
1555 3838 1618 3892 P.
1656 3838 1926 3906 Chetelau
1973 3838 2055 3893 De
2087 3838 2395 3906 precatione
2431 3837 2578 3906 apud
2610 3842 2800 3907 poetas

443 3939 529 3992 gr.
575 3927 633 3978 et
676 3922 804 3992 lat.,
861 3922 1022 3992 1877;
1083 3922 1172 3977 Fr.
1220 3922 1418 3977 Jacobs
1499 3921 1679 3978 Verm.
1727 3921 1882 3977 Schr.
1930 3922 2020 3976 111
2076 3938 2130 3991 p.
2179 3921 2280 3975 107
2294 3937 2440 3992 sqq.;
2497 3922 2798 3992 Dollinger,

442 4007 820 4063 Heidcnthmn
841 4024 898 4065 u.
922 4006 1268 4063 Judenthum
1301 4023 1355 4076 p.
1382 4007 1482 4062 199
1492 4023 1607 4076 sqq.
1679 4007 2007 4076 ceteroquin
2042 4007 2209 4062 velim
2244 4007 2490 4063 conferas
2524 4008 2590 4062 A.
2614 4007 2800 4063 Diete-

442 4093 563 4149 rich
617 4093 781 4149 Arch.
840 4091 886 4160 f.
934 4091 1522 4163 Relim‘omwisscnsch.
1584 4093 1726 4149 VIII
1784 4092 1961 4163 (1905)
2020 4108 2073 4161 p.
2125 4093 2229 4147 484
2256 4110 2374 4162 sqq.
2433 4124 2501 4133 -
2546 4093 2800 4150 Priorum

442 4185 726 4234 auctorum
750 4179 847 4233 hos
869 4178 1062 4234 affero:
1087 4178 1401 4234 Matthaeus
1417 4177 1712 4233 Brouerius
1735 4178 1805 4233 de
1820 4177 2078 4248 Niedeck‚
2100 4178 2185 4234 De
2206 4178 2526 4247 populorum
2550 4186 2800 4235 veterum

447 4279 513 4319 ac
556 4263 921 4320 recentiorum
967 4264 1376 4320 adorationibus
1423 4263 1732 4319 dissertatio
1769 4304 1784 4319 .
1821 4304 1852 4332 .,
1911 4263 2125 4319 Amstd.
2171 4264 2335 4334 1713;
2395 4264 2651 4320 Standlin
2698 4263 2803 4319 Ge-

442 4348 681 4404 schichtc
726 4348 825 4403 der
865 4349 1280 4420 Vorstclltmqen
1313 4366 1369 4404 u.
1404 4348 1622 4404 Lchrcn
1665 4364 1775 4404 von
1823 4347 1946 4403 dem
1986 4347 2198 4420 Gebetc,
2249 4349 2385 4404 1824
2418 4366 2472 4419 p.
2507 4348 2799 4404 135-168.

547 4449 1188 4505 Religionsgeschichtliche
1213 4451 1456 4499 Ver-suche
1480 4462 1529 4496 u.
1553 4451 1872 4499 Vorarbeiten
1897 4450 1975 4497 IV.
2456 4436 2485 4488 1
