3509 5067
552 370 662 459 37]
891 371 1118 426 Veteres
1151 368 1459 438 philosophi
1492 367 1754 437 quomodo
1791 366 2156 423 iudicaverint
2189 368 2257 423 de
2291 367 2540 437 precibus
2817 371 2904 438 37

545 544 752 611 iorum
796 540 1135 610 observari
1177 539 1392 624 iussit,
1435 559 1608 606 man.
1650 540 1751 621 31,
1798 540 1870 605 5:
1926 536 2237 604 Σπένδειν
2280 536 2351 603 δὲ
2393 539 2503 603 καὶ
2544 541 2749 614 θύειν,
2794 541 2905 605 καὶ

544 644 963 726 ἀπάρχεσθαι
1018 642 1182 707 κατὰ
1235 641 1317 706 τὰ
1375 644 1622 728 πάτρια
1636 692 1653 726 ,
1712 638 2008 706 ἑκάστοτε
2064 641 2377 727 προσήκει
2431 644 2739 724 καθαρῶς
2793 644 2906 708 καὶ

541 747 626 833 μὴ
685 743 1204 834 ἐπισεσυρμένως
1260 744 1422 833 μηδὲ
1479 744 1731 828 ἀμελῶς
1779 743 1954 832 ,μηδέ
2006 766 2080 828 γε
2142 744 2463 829 γλίσχρως
2517 743 2680 832 μηδὲ
2737 741 2905 833 ὑπὲρ

544 849 830 933 δύναμιν.

712 953 1182 1021 Bonhoefferus
1199 971 1354 1021 vero
1370 951 1491 1016 Die
1511 951 1705 1016 Ethik
1727 951 1835 1016 des
1858 950 2133 1016 Stoilcers
2153 950 2408 1034 Epiktet
2424 970 2486 1032 p.
2511 952 2595 1019 76
2611 950 2855 1018 Zelleri
2877 953 2904 991 ¹

541 1057 889 1140 impugnat
917 1053 1332 1137 sententiam,
1370 1055 1502 1139 qui,
1545 1073 1690 1121 cum
1719 1052 2034 1121 innititur
2061 1053 2360 1135 Epicteti
2407 1053 2585 1119 dicto
2614 1052 2795 1137 (diss,
2830 1054 2905 1121 11

541 1160 644 1243 20,
673 1159 783 1244 32)
828 1158 1120 1234 affirmat
1178 1157 1556 1240 Epictetum
1616 1157 1866 1223 cultum
1924 1158 2311 1224 observasse
2370 1162 2760 1240 argumento
2813 1159 2902 1226 ab

446 1286 457 1297 ·
543 1261 694 1328 utili
735 1263 1106 1328 adductum.
1193 1259 1440 1326 Contra
1480 1259 1950 1326 Bonhoefferus
1995 1258 2186 1325 dicit:
2231 1258 2337 1323 Er
2378 1263 2529 1341 muss
2568 1258 2691 1324 sich
2722 1260 2908 1325 selbst

541 1364 671 1446 auf
688 1362 825 1428 dem
852 1362 1080 1427 Boden
1109 1362 1416 1427 derselben
1446 1362 1586 1445 (der
1616 1361 2081 1447 Vollcsreliyion)
2111 1361 2361 1426 stell-end
2377 1362 2620 1447 yefic’hlt
2646 1361 2841 1427 haben
2861 1362 2902 1429 2.

712 1483 1093 1563 Sequuntur
1135 1482 1451 1548 nonnulla
1493 1483 1577 1548 de
1618 1481 1926 1563 precibus
1971 1482 2170 1564 dicta,
2212 1481 2597 1548 reverentia
2634 1484 2901 1549 deorum

540 1591 610 1651 et
652 1585 908 1667 pietate
951 1589 1022 1651 et
1050 1584 1367 1668 religione
1411 1583 1603 1665 quasi
1645 1583 1920 1667 imbuta,
1963 1602 2134 1665 quae
2172 1585 2607 1651 dubitandum
2638 1585 2901 1667 quidem

538 1692 658 1771 est,
715 1706 871 1753 num
914 1705 1033 1753 suo
1093 1687 1240 1753 iure
1286 1686 1586 1769 Epicteti
1628 1705 1862 1753 nomen
1906 1706 2068 1769 prae
2113 1705 2186 1754 se
2229 1686 2454 1754 ferant
2473 1686 2517 1753 ⁸.
2607 1687 2737 1754 Sed
2781 1692 2900 1755 aut

535 1788 889 1873 Epictetus
936 1794 1166 1855 auctor
1196 1794 1300 1855 est
1343 1795 1461 1855 aut
1490 1788 1749 1856 Stoicus
1788 1789 2078 1856 eiusdem
2124 1789 2367 1855 aet-atis
2411 1808 2491 1855 ea
2522 1790 2900 1872 composuit,

535 1891 648 1973 qui
706 1911 748 1958 a
806 1897 1027 1958 mente
1092 1896 1164 1958 et
1220 1892 1566 1959 voluntate
1623 1890 1923 1974 Epicteti
1980 1910 2111 1957 non
2166 1892 2584 1959 abhorrebat.
2672 1892 2899 1958 Mente

536 1994 707 2060 enim
751 2000 829 2060 ut
857 1995 925 2060 di
954 1994 1260 2061 colantur
1287 1995 1599 2079 postulat,
1643 2013 1852 2075 aeque
1898 2000 2098 2075 atque
2141 1993 2507 2078 Epictetus,
2552 2014 2682 2061 non
2727 1996 2902 2061 bona

535 2097 821 2180 corporis
885 2099 1002 2163 sed
1063 2095 1267 2163 animi
1320 2099 1612 2179 petenda
1657 2116 1802 2164 esse
1849 2096 2034 2181 dicit,
2086 2118 2147 2178 p.
2194 2098 2322 2162 479
2382 2097 2508 2179 (ed.
2552 2095 2897 2182 Schenkl):

538 2203 593 2265 1.
642 2199 838 2274 Θεοὺς
879 2197 1100 2285 δικαίᾳ
1155 2198 1267 2262 καὶ
1308 2202 1742 2285 μεμετρημένῃ
1803 2197 2103 2263 διαθέσει
2158 2201 2334 2281 τίμα,
2380 2196 2542 2262 ἀλλὰ
2599 2198 2686 2284 μὴ
2744 2197 2901 2282 ἀμέ-

533 2323 709 2387 τροις
753 2300 1026 2386 δωρεαῖς
1066 2300 1365 2366 κολάκευε
1411 2349 1424 2364 .
1474 2349 1489 2365 .
1540 2348 1556 2365 .
1606 2350 1620 2365 .
1664 2305 1853 2378 θεοῖς
1882 2304 2022 2386 θῦε,
2064 2301 2170 2388 μὴ,
2200 2301 2382 2386 ἡνίκα
2413 2302 2494 2366 ἂν
2518 2302 2897 2388 πλουτήσῃς,

535 2402 676 2468 ἀλλ’
717 2403 902 2487 ἡνίκα
945 2403 1021 2468 ἂν
1062 2404 1402 2491 φρονήσῃς.
1493 2407 1550 2472 2.
1593 2405 1785 2491 Παρὰ
1819 2407 1996 2468 θεῶν
2043 2404 2132 2490 μὴ
2175 2413 2400 2490 συνεχῆ
2441 2402 2609 2469 α’ίτει
2653 2401 2897 2488 ὑγίειαν

533 2510 844 2589 σώματος,
876 2504 1040 2570 ἀλλὰ
1069 2505 1371 2595 διηνεκῶς
1397 2507 1686 2593 λάμβανε
1713 2508 2129 2594 σωφροσύνην
2160 2515 2372 2593 ψυχῆς
2395 2554 2410 2569 .
2437 2558 2452 2574 .
2482 2555 2497 2569 .
2544 2509 2603 2574 3.
2634 2560 2647 2574 .
2671 2559 2687 2575 .
2712 2560 2727 2574 .
2750 2506 2897 2572 τότε

531 2630 638 2674 σοι
684 2607 1163 2674 εἰσακούσουσιν
1215 2609 1278 2675 οἱ
1319 2612 1511 2683 θεοὶ,
1568 2609 1749 2694 ἡνίκα
1806 2611 1886 2675 ἂν
1927 2609 2015 2696 μὴ
2058 2609 2212 2697 περὶ
2254 2620 2384 2674 τῶν
2428 2608 2631 2694 ἡδέων
2649 2660 2664 2690 ,
2728 2608 2894 2675 ἀλλὰ

530 2713 684 2798 περὶ
725 2723 852 2775 τῶν
893 2711 1108 2776 καλῶν
1151 2712 1320 2799 εὔχῃ.
1409 2716 1468 2780 4.
1516 2761 1530 2776 .
1578 2766 1594 2780 .
1638 2758 1654 2776 .
1701 2712 2040 2795 εὐχόμενος
2096 2723 2435 2799 τοιγαροῦν
2484 2715 2670 2789 θεοῖς
2726 2711 2896 2778 αἴτει

528 2813 611 2878 τὰ
650 2819 805 2879 θεῖα
823 2815 869 2883 ⁴.

529 2985 870 3040 immortales
901 2986 969 3040 dc
1002 3003 1102 3042 ειιο
1137 2985 1332 3041 scelere
1369 2988 1606 3041 testatur
1637 3003 1810 3055 neque
1855 2986 2139 3056 intelleqit,
2186 2986 2391 3055 pietate
2438 2989 2492 3041 et
2533 2986 2795 3057 νεῑίρίοιιε
2840 2990 2893 3042 et

527 3070 696 3125 iustis
730 3071 988 3140 precibus
1033 3070 1260 3126 deorum
1305 3075 1522 3139 mentes,
1569 3088 1684 3126 ‘non
1730 3072 2117 3127 contaminata
2162 3072 2551 3142 superstitione
2602 3088 2771 3141 neque
2817 3071 2894 3127 ad

527 3156 700 3210 scelus
725 3156 1124 3225 perficiendum
1159 3157 1331 3212 caesis
1365 3157 1560 3212 hostiis
1586 3174 1749 3227 posse
1775 3157 2016 3227 phcari.
2090 3156 2259 3212 Cuius
2305 3174 2398 3228 eyo
2441 3158 2695 3225 furorem
2729 3160 2892 3227 atquc

527 3241 911 3297 crudelitatem
957 3241 1083 3298 deos
1129 3242 1471 3298 immortales
1515 3260 1550 3297 a
1595 3243 1716 3298 suis
1762 3242 1883 3297 aris
1935 3246 2097 3312 atquc
2146 3243 2362 3313 templis
2408 3246 2733 3312 aspernatos
2778 3260 2892 3299 esse

529 3326 750 3396 confido.
821 3328 1033 3383 Similia
1066 3330 1331 3399 leguntur
1365 3330 1424 3384 in
1457 3329 1637 3384 Persii
1671 3334 1776 3385 sat.
1810 3329 1886 3386 H.

706 3414 723 3446 ¹
758 3415 849 3469 111
887 3414 915 3467 1
952 3431 1004 3483 p.
1041 3414 1161 3470 312.

704 3498 726 3529 ²
760 3499 1146 3555 Bonhoefferus
1171 3516 1223 3569 p.
1241 3499 1310 3554 83
1328 3517 1363 3555 a
1380 3517 1439 3555 se
1462 3499 1579 3570 ipso
1602 3500 1866 3556 dissidere
1888 3500 2205 3570 Epictetum
2220 3500 2479 3570 ostendit,
2498 3516 2619 3555 cum
2639 3501 2751 3555 alia
2768 3506 2888 3555 tum

530 3583 664 3639 haec
698 3590 994 3641 annotans:
1044 3584 1120 3639 So
1153 3585 1327 3655 weniq
1358 3585 1464 3639 wir
1498 3585 1683 3640 daran
1714 3585 1964 3653 zweit'cln
1996 3584 2221 3652 dliv-fen,
2275 3584 2384 3652 dall
2415 3601 2471 3639 cs
2505 3584 2627 3639 dem
2660 3584 2890 3654 Epiktet

527 3668 635 3723 mit
664 3668 846 3724 scinco·
865 3669 1177 3741 Schc'itzuny
1199 3670 1292 3726 des
1314 3670 1664 3726 bestehenden
1698 3670 1911 3726 Kultus
1942 3670 2211 3740 subjektiv
2235 3673 2389 3726 crnst
2412 3686 2546 3738 war,
2582 3686 2643 3725 so
2667 3674 2888 3725 ηηῖεεεη

527 3753 632 3808 wir
666 3753 800 3809 doch
830 3755 1077 3826 zuyeben,
1125 3756 1234 3823 class
1265 3756 1354 3811 dic
1386 3757 1747 3826 Konsequenz
1781 3755 1963 3811 seiner
2008 3755 2183 3810 hohen
2216 3755 2408 3811 Moral
2454 3755 2601 3826 ciyen
2609 3755 2740 3810 tzich
2784 3772 2889 3810 zur

538 3839 886 3911 Vcrwerfuny
917 3840 1052 3895 alles
1074 3843 1312 3908 iiusseren
1341 3841 1737 3910 Gotterkulttw,
1773 3858 1844 3895 zu
1866 3841 2017 3896 einer
2039 3841 2225 3907 blosse‘n
2246 3840 2539 3910 Anbetuny
2580 3840 2770 3896 Gottes
2805 3841 2888 3896 im

531 3923 691 3979 Gcist
721 3924 842 3979 und
874 3925 938 3980 in
973 3925 1072 3980 der
1114 3926 1406 3982 Wahrhcit
1435 3927 1643 3995 silbo-en
1676 3929 1872 3993 munte.
1943 3927 2095 3995 Quae
2130 3926 2349 3996 quidem
2393 3925 2454 3981 in
2487 3926 2735 3981 omnibus
2771 3927 2886 3982 fere

522 4010 854 4080 philosophis
888 4012 1074 4067 valere
1110 4012 1397 4068 (licendum
1433 4020 1533 4069 est.

696 4096 719 4127 ⁸
752 4096 871 4152 Hac
906 4097 975 4153 de
1008 4098 1324 4167 quaestione
1356 4099 1427 4155 Η.
1463 4099 1696 4154 Schenkl
1730 4097 1939 4154 iudicat
1971 4115 2025 4167 p.
2053 4098 2182 4153 479:
2218 4097 2353 4153 Etsi
2386 4113 2512 4151 cum
2556 4096 2889 4168 gnomoloqii

525 4180 824 4237 Stobaeani
868 4181 1054 4238 indole
1088 4183 1294 4254 cyreyie
1329 4185 1640 4254 concinunt,
1677 4183 1859 4238 nescio
1906 4200 1984 4237 an
2018 4182 2107 4238 hic
2142 4182 2320 4238 illicve
2351 4186 2612 4254 qrassata
2646 4182 2726 4238 sit
2756 4182 2884 4238 imi-

522 4269 769 4322 tatorum
806 4267 1048 4323 licentia.

691 4352 718 4383 ⁴
751 4352 838 4407 Hi
852 4369 882 4409 e
897 4354 1121 4409 rocles
1146 4369 1357 4423 quoque
1382 4354 1498 4410 Sto
1513 4354 1662 4410 icus
1680 4354 1927 4410 Musonio
1949 4359 2006 4410 et
2023 4353 2275 4425 Epicteto
2292 4354 2624 4426 propinquus
2644 4359 2744 4410 est.
2781 4353 2883 4409 Oui
