3509 5067
528 377 598 467 5]
878 379 1105 435 Veteres
1139 377 1445 448 philosophi
1479 379 1741 448 quomodo
1776 379 2146 436 iudicaverint
2179 380 2248 436 de
2281 380 2534 449 precibus
2848 385 2890 450 5

530 547 818 617 maxime
863 547 1207 632 aestimat,
1264 565 1481 629 neque
1522 546 1846 615 interesse
1889 547 2075 630 dicit,
2121 550 2357 631 quanti
2398 550 2507 635 sit,
2565 554 2737 633 quod
2794 554 2895 620 dis

532 651 854 719 offeratur
872 652 918 716 ¹.
2516 683 2525 692 ,

699 770 804 837 De
847 769 1170 853 precibus,
1214 787 1386 850 quae
1418 770 1595 851 apud
1636 769 2025 852 Euripidem
2068 770 2505 856 reperiuntur,
2552 772 2629 841 G.
2662 773 2724 839 N
2724 775 2894 841 estle
2982 809 2988 816 ·

532 872 681 957 agit
722 892 783 956 p.
816 872 943 939 115
957 891 1098 954 sqq.
1185 871 1591 956 Quamquam
1643 872 1893 939 multae
1944 874 2120 954 apud
2163 891 2309 940 eum
2349 892 2579 956 preces
2609 879 2897 960 exstant,

529 980 754 1044 tamen
797 973 1146 1058 perpaucis
1200 973 1362 1041 locis
1417 979 1612 1056 poeta
1670 976 1753 1041 de
1810 975 2123 1057 precibus
2185 975 2347 1057 quid
2403 976 2659 1044 sentiat
2716 977 2897 1062 dicit,

533 1096 619 1146 an
678 1077 884 1145 utiles
943 1095 1060 1143 eas
1135 1094 1280 1144 esse
1335 1076 1584 1143 iudicet
1633 1096 1859 1144 necne.
1959 1077 2313 1145 Nonnullis
2369 1077 2530 1145 locis
2586 1081 2897 1147 mundum

529 1180 791 1265 legibus
864 1179 1157 1247 aeternis
1229 1183 1298 1246 et
1369 1178 1894 1246 immutabilibus
1959 1179 2107 1262 regi
2185 1198 2572 1261 persuasum
2644 1180 2896 1249 habens

533 1302 763 1366 preces
793 1281 1137 1365 aspernari
1165 1282 1437 1350 videtur
1455 1282 1500 1366 ²,
1529 1301 1588 1349 v.
1619 1301 1672 1348 c.
1702 1281 1925 1364 Suppl.
1952 1282 2112 1347 262:
2154 1278 2256 1357 Ὦς
2288 1280 2471 1346 οὐδὲν
2496 1280 2646 1365 ἡμῖν
2665 1284 2692 1323 ⁸
2719 1282 2896 1370 ἤρκε-

536 1407 655 1451 σαν
693 1384 867 1450 λιταὶ
894 1387 1088 1449 θεῶν.
1178 1386 1414 1452 'Proad.
1454 1384 1583 1450 469
1597 1402 1767 1466 sqq.:
1819 1381 1888 1446 Ὦ
1924 1385 2079 1448 θεοί
2102 1407 2116 1424 ·
2163 1383 2400 1459 κακοὺς
2440 1382 2555 1466 μὲν
2598 1383 2898 1450 ἀνακαλῶ

532 1488 682 1566 τοὺς
722 1489 1116 1570 συμμάχους,
1156 1486 1170 1573 Ι
1205 1485 1383 1568 ὅμως
1426 1485 1486 1551 δ’
1517 1482 1650 1564 ἔχει
1690 1508 1755 1549 τι
1794 1493 2004 1571 σχῆμα
2044 1484 2405 1572 κικλήσκειν
2445 1488 2659 1567 θεούς,
2699 1493 2710 1569 Ι
2749 1486 2899 1553 ὅταν

536 1613 636 1669 τις
673 1588 853 1673 ἡμῶν
909 1588 1182 1675 δυστυχῆ
1223 1588 1389 1674 λάβῃ
1430 1590 1620 1675 τύχην
1637 1591 1685 1651 4.
1775 1590 2011 1655 Troad.
2053 1590 2222 1655 1280
2236 1608 2406 1671 sqq.:
2467 1587 2563 1653 Ἰὼ
2592 1592 2777 1655 θεοί·
2835 1594 2901 1654 τί

533 1693 681 1770 τοὺς
740 1693 944 1769 θεοὺς
996 1691 1211 1765 καλῶς
1264 1691 1274 1778 Ι
1328 1691 1441 1755 καὶ
1494 1691 1651 1776 πρὶν
1704 1690 1829 1776 γὰρ
1882 1689 1998 1755 οὐκ
2052 1690 2324 1776 ἥκουσαν
2381 1689 2895 1775 ἀνακαλούμενοι.

535 1795 765 1878 Neque
806 1795 1113 1879 precibus
1153 1813 1366 1877 neque
1409 1793 1754 1861 sacrificiis
1811 1793 2110 1861 homines
2154 1793 2500 1876 quicquam
2548 1813 2591 1862 a
2634 1794 2737 1862 dis
2779 1796 2897 1863 im-

533 1902 801 1981 petrare
828 1903 1106 1981 possunt
1135 1898 1297 1984 (Ion.
1325 1898 1454 1963 347
1469 1897 1652 1983 sqq.)‚
1689 1895 1928 1979 quibus
1959 1896 2206 1963 oblatis
2236 1896 2493 1964 omnino
2523 1897 2899 1982 EuripideS‚

534 2001 691 2084 quia
756 2021 903 2069 cum
963 2001 1296 2085 dignitate
1369 2005 1441 2067 et
1507 2000 1871 2067 sanctitate
1936 2000 2206 2066 deorum
2290 2018 2419 2066 non
2486 2000 2900 2085 conveniant,

534 2104 735 2172 valde
778 2102 1136 2171 offenditur
1178 2103 1288 2189 (fr.
1335 2103 1462 2169 794
1479 2103 1601 2188 Ν.).

704 2205 1046 2289 Euripidis
1090 2211 1315 2273 aetate
1361 2205 1655 2295 homines
1695 2223 1961 2286 operam
1996 2203 2273 2289 dedisse,
2319 2205 2900 2289 utintellegerent

534 2327 761 2392 preces
806 2309 967 2391 quid
1002 2313 1242 2393 essent,
1286 2308 1505 2375 elucet
1548 2325 1697 2374 cum
1741 2326 1826 2373 ex
1868 2307 2179 2389 operibus
2220 2311 2458 2389 poetae
2501 2306 2713 2390 ipsius
2755 2312 2897 2373 tum

538 2430 620 2478 ex
663 2429 756 2495 eo,
801 2413 974 2493 quod
1017 2411 1356 2493 sophistae
1400 2412 1481 2476 de
1522 2409 1832 2493 precibus
1877 2409 2324 2494 disputabant,
2370 2414 2447 2476 ut
2488 2409 2745 2493 Eryxia
2786 2412 2898 2476 do-

534 2532 754 2581 cemur
785 2513 1047 2597 dialogo
1075 2512 1338 2579 Platoni
1368 2512 1705 2595 supposito
1725 2513 1767 2594 ⁶,
1812 2528 1938 2593 quo
1982 2510 2371 2578 Prodicus
2414 2511 2584 2578 Ceus
2616 2512 2898 2580 Athenis

535 2617 608 2682 in
657 2616 879 2700 Lyceo
938 2618 1022 2682 de
1082 2614 1336 2683 divitiis
1402 2615 1766 2681 orationem
1821 2614 2074 2680 habens
2131 2613 2468 2681 inducitur
2483 2662 2498 2690 ,
2565 2632 2726 2696 quas
2781 2620 2900 2680 aut

536 2720 777 2786 bonum
820 2724 940 2785 aut
981 2718 1222 2784 malum
1277 2736 1423 2784 esse
1481 2735 1669 2799 posse
1728 2715 1911 2782 dicit.
2012 2716 2333 2783 Petulans
2392 2721 2612 2783 autem
2665 2714 2900 2800 lingua

539 2821 1071 2887 adulescentulus
1114 2819 1492 2902 sophistam
1549 2820 2021 2902 interrogando
2066 2820 2402 2903 urguebat
2457 2823 2527 2886 et
2569 2821 2896 2886 adducere

713 2993 735 3024 ¹
771 2991 852 3046 Cf.
876 2991 945 3046 fr.
968 2992 1087 3060 946,
1122 2990 1190 3046 fr.
1213 2991 1334 3060 327,
1358 2992 1392 3045 6
1415 2991 1481 3046 N.
1506 2996 1565 3046 et
1587 2990 1952 3059 Theophrasti
1985 2990 2286 3059 complures
2319 2989 2462 3045 locos
2496 2989 2700 3045 similes
2735 2990 2900 3059 (inira

538 3095 589 3145 p.
610 3076 677 3132 19
689 3078 807 3146 sq.).
878 3076 1059 3133 Zeller
1080 3078 1118 3132 l.
1143 3093 1187 3133 c.
1211 3077 1273 3132 H
1297 3076 1329 3129 1
1353 3093 1404 3146 p.
1432 3076 1497 3129 12
1510 3092 1618 3144 sq.:
1664 3075 1753 3129 Er
1793 3074 2127 3145 (Euripides)
2148 3075 2285 3141 weiss
2308 3074 2462 3130 recht
2490 3074 2645 3142 wohl,
2674 3074 2785 3141 ᾱαβ
2809 3074 2898 3129 die

543 3162 929 3232 Gottcsfurcht
959 3161 1052 3217 des
1085 3163 1297 3217 Armen
1336 3162 1490 3216 mehr
1522 3162 1660 3215 wert
1690 3161 1770 3215 ist
1801 3160 1888 3214 als
1922 3160 2011 3215 dic
2042 3158 2402 3229 prunkendcn
2441 3159 2614 3229 Opfer
2647 3159 2899 3216 manchcs

536 3248 797 3305 Rcichen.

538 3377 541 3380 ,
715 3333 738 3366 ²
770 3334 855 3388 De
889 3332 1322 3389 dubitationibus
1344 3332 1673 3401 Euripideis‚
1711 3347 1854 3400 quae
1883 3331 2101 3400 quidem
2132 3332 2203 3386 ad
2224 3330 2547 3400 religionem
2571 3331 2900 3400 pertineant,

541 3419 654 3474 Th.
689 3419 1027 3487 Gomperz
1079 3417 1296 3473 Griech.
1331 3416 1556 3472 Denker
1590 3418 1650 3471 II
1684 3434 1736 3486 p.
1764 3417 1830 3470 12
1874 3418 1976 3472 hoc
2023 3416 2179 3471 modo
2214 3415 2490 3485 loquitur:
2536 3415 2673 3482 Dal&
2715 3415 2803 3470 die
2836 3416 2902 3470 in

539 3503 896 3558 menschlichc
921 3502 1246 3558 Schwiichen
1266 3502 1386 3557 und
1407 3502 1871 3571 Leidenschaftcn
1889 3501 2220 3571 yetawchten
2243 3501 2440 3557 Gotter
2464 3501 2561 3556 der
2586 3501 2901 3572 Verehmmy

540 3588 699 3643 nicht
728 3587 941 3658 wiirdiq
974 3586 1116 3657 sind,
1165 3587 1267 3643 das
1289 3588 1434 3643 steht
1464 3587 1581 3642 ihm
1611 3587 1838 3657 frcilich
1865 3587 1991 3656 fest.
2067 3586 2147 3642 Ob
2182 3586 2313 3642 aber
2348 3586 2436 3642 die
2458 3585 2555 3642 der
2587 3585 2900 3657 Verehrtmq

542 3671 839 3743 wiirdiyen,
875 3671 1082 3728 acinam
1109 3672 1268 3728 Ideal
1301 3673 1760 3744 entsprcchcnden
1795 3672 1994 3729 Go’ttcr
2026 3672 2091 3727 in
2127 3671 2420 3730 Wahrhcit
2449 3670 2763 3741 ostiatim-en,
2799 3670 2901 3725 das

492 3784 499 3789 ·
537 3758 733 3828 ylaubt
763 3775 826 3813 er
856 3774 1008 3813 zwar
1042 3756 1327 3828 mitunter,
1364 3758 1521 3813 nicht
1551 3758 1721 3814 selte‘n
1756 3758 1888 3813 aber
1923 3756 2220 3827 bezweifelt
2253 3774 2314 3812 er
2346 3772 2417 3813 ee.

715 3842 739 3876 ⁸
770 3844 855 3899 De
888 3843 1139 3914 precibus
1175 3860 1314 3912 quae
1350 3844 1498 3913 apud
1531 3843 1848 3913 Euripidem
1873 3843 2234 3900 inveniuntur
2268 3842 2335 3897 cf.
2362 3843 2542 3898 Bruns
2577 3841 2727 3896 Berl.
2756 3841 2898 3911 phil.

551 3928 929 3985 Wochcnschr.
968 3928 1105 3983 1898
1139 3946 1191 3998 p.
1226 3928 1330 3983 899
1343 3945 1460 3998 sqq.

711 4014 737 4048 ⁴
770 4015 828 4070 Si
872 4014 1212 4084 precationes
1276 4030 1384 4070 non
1431 4015 1818 4084 exaudiuntur,
1880 4031 1940 4070 re
1999 4030 2132 4069 vera
2182 4028 2647 4083 supervacaneum
2700 4019 2786 4068 est
2842 4019 2901 4068 et

538 4100 787 4169 ineptum
821 4100 1067 4156 homines
1100 4100 1327 4169 precari.
1379 4100 1578 4168 Itaque
1611 4116 1797 4169 preces
1818 4117 1945 4169 pars
1968 4099 2113 4155 fiunt
2134 4100 2394 4155 bonorum
2416 4114 2626 4154 morum
2663 4097 2899 4168 (σχῆμα).

711 4186 737 4220 ⁶
771 4186 832 4243 Ο.
868 4185 1190 4256 Schrohl,
1239 4187 1322 4242 De
1354 4186 1565 4254 Eryxia
1610 4186 1706 4255 qui
1745 4186 1924 4242 fertur
1955 4185 2204 4241 Platonis
2240 4184 2404 4254 (Diss.
2440 4184 2690 4255 Gotting.
2729 4183 2901 4252 1901),

541 4272 610 4327 de
642 4276 883 4341 tempore
918 4288 1025 4340 quo
1046 4272 1285 4341 scriptus
1308 4271 1383 4327 sit
1405 4271 1655 4343 dialogus
1684 4272 1788 4327 hoc
1820 4272 1978 4327 modo
2000 4270 2212 4326 iudicat
2233 4287 2288 4340 p.
2312 4271 2406 4325 42:
2443 4286 2557 4324 non
2581 4268 2901 4324 dubitamus

541 4355 677 4424 quin
710 4355 959 4427 dialoyus
992 4371 1106 4411 non
1141 4360 1272 4411 ante
1308 4355 1536 4411 tertium
1569 4357 1852 4411 saeculum
1886 4355 2226 4425 conscriptum
2260 4354 2352 4410 sit.
