3509 5067
702 318 784 382 13
1605 314 1872 369 Henricus
1908 313 2152 384 Schmidt
2936 315 3048 401 [18

696 504 874 552 mero
916 484 1292 551 Aristotelis
1336 485 1649 551 librorum
1696 485 1837 550 loco
1884 491 2120 565 quarto
2165 485 2412 552 decimo
2458 485 2628 551 citat
2669 483 2823 567 περὶ
2867 471 3052 569 εὐχῆς

697 589 774 671 α’,
817 587 1187 672 Hesychius
1222 606 1390 653 nono
1419 587 1558 653 loco
1586 586 1741 670 περὶ
1783 584 1967 669 εὐχῆς
1987 587 2031 647 1.
2122 586 2327 652 Liber
2355 586 2511 670 περὶ
2554 584 2735 670 εὐχῆς
2764 587 2874 667 qui
2909 588 3052 653 dia-

693 690 983 773 logorum
1015 692 1087 755 in
1116 707 1383 756 numero
1414 693 1537 765 cst,
1574 707 1704 755 non
1749 693 1988 755 exstat.
2074 688 2154 753 In
2186 689 2493 770 operibus
2525 676 2762 771 autem,
2806 690 3050 771 quibus

695 792 1035 860 scientiam
1102 792 1394 874 augebat
1461 791 1993 876 (πραγματείαις),
2057 791 2176 857 vix
2238 793 2320 857 de
2384 790 2690 873 precibus
2755 792 3052 873 loquitur

696 894 1105 961 Aristotelea.
1208 893 1452 959 Contra
1510 899 1671 974 quot
1727 894 1887 959 locis
1946 893 2143 959 Plato
2202 893 2348 975 agit
2413 895 2494 959 de
2538 893 3046 976 precationibus,

690 997 880 1064 cuius
946 996 1424 1079 philosophiam
1491 996 1814 1079 religione
1879 996 2074 1077 quasi
2132 995 2447 1062 imbutam
2522 1014 2671 1063 esse
2727 997 3043 1063 vidimus!

692 1099 823 1165 Sed
880 1099 1294 1181 Aristotelea
1353 1096 1704 1180 empiricus
1769 1099 1885 1164 ille
1944 1102 2175 1165 doctus
2234 1100 2438 1182 homo,
2497 1117 2754 1180 semper
2807 1117 3044 1165 nexum

692 1220 1036 1268 causarum
1079 1201 1550 1283 investigabat.
1638 1201 1828 1285 Quod
1886 1220 2031 1267 cum
2087 1199 2489 1286 respicimus,
2545 1221 2674 1268 non
2733 1202 3048 1269 miramur

689 1305 1108 1371 Aristotelem
1167 1307 1248 1371 de
1293 1304 1616 1388 precibus,
1676 1304 1919 1385 quippe
1964 1322 2134 1386 quae
2194 1303 2330 1370 sint
2387 1305 2541 1386 piae
2599 1305 2855 1388 mentiS,
2915 1323 3043 1371 non

688 1408 969 1474 rationis
986 1408 1027 1491 ²,
1085 1406 1436 1489 perpaucis
1493 1407 1656 1472 locis
1724 1406 1973 1489 egisse,
2032 1407 2271 1487 quibus
2329 1426 2414 1472 ne
2473 1411 2724 1472 certum
2783 1407 3042 1487 quidem

688 1511 985 1576 omnibus
1031 1515 1131 1576 est
1175 1528 1321 1574 eum
1366 1526 1438 1574 re
1481 1527 1646 1574 vera
1702 1508 2118 1589 precationes
2171 1514 2474 1589 spectare
2497 1509 2539 1573 ⁸.
2642 1508 2826 1575 Fieri
2870 1508 3041 1574 enim

687 1618 936 1694 potest,
1025 1615 1103 1675 ut
1182 1609 1488 1689 εὔχεσθαι
1580 1628 1711 1675 11011
1790 1612 2043 1690 precari
2133 1610 2495 1692 significet,
2577 1610 2695 1675 sed
2767 1617 2977 1692 optare
2994 1612 3044 1675 ⁴.

687 1715 761 1779 P.
822 1714 1021 1780 1405ss
1080 1714 1160 1779 18
1217 1712 1565 1789 πτωχεύειν
1629 1716 1700 1777 et
1765 1711 2079 1791 εὔχεσθαι
2138 1713 2560 1777 nominantur
2617 1707 2921 1796 αἰτήσεις,
2979 1731 3041 1793 p.

690 1815 902 1881 112912
946 1815 1225 1897 legimus
1269 1814 1562 1880 homines
1607 1815 1845 1880 multos
1889 1833 2202 1895 perverse
2263 1833 2305 1879 a
2350 1814 2455 1879 dis
2499 1816 2746 1897 petere,
2803 1814 3040 1879 deinde

684 1918 827 1999 ipse
870 1916 1268 1983 Aristoteles
1314 1916 1495 1999 dicit,
1541 1916 1701 1997 quid
1743 1919 2097 1998 petendum
2141 1916 2262 1982 sit:
2306 1914 2482 1978 Ἐπεὶ
2529 1913 2599 1978 δὲ
2641 1913 2753 1977 καὶ
2817 1913 3041 1977 πλεον-

684 2022 867 2103 έκτης
910 2016 946 2082 ὃ
991 2017 1231 2094 ἄδικος,
1275 2018 1431 2104 περὶ
1471 2018 1553 2082 τὰ
1597 2016 1819 2098 ἀγαθὰ
1862 2014 2058 2091 ἔσται,
2105 2017 2180 2082 οὗ
2224 2019 2457 2089 πάντα,
2505 2016 2669 2080 ἀλλὰ
2715 2016 2872 2099 περὶ
2913 2014 3038 2079 ὅσα

684 2119 940 2200 εὐτυχία
983 2121 1092 2184 καὶ
1130 2119 1374 2200 ἀτυχία,
1419 2121 1463 2182 ἃ
1506 2119 1640 2184 ἐστὶ
1669 2118 1788 2201 μὲν
1831 2118 2057 2195 ἁπλῶς
2085 2117 2187 2183 ἀεὶ
2217 2117 2458 2201 ἀγαθά,
2501 2119 2621 2182 τἰνὶ
2668 2117 2739 2182 δὲ
2781 2117 2894 2182 οὐκ
2936 2116 3039 2181 ἀεί

683 2222 809 2309 (eae
849 2244 967 2307 res,
1028 2244 1186 2308 quae
1227 2227 1510 2287 universe
1552 2223 1799 2306 quidem
1849 2225 2001 2286 usui
2040 2227 2209 2303 sunt,
2257 2222 2363 2285 sed
2410 2222 2724 2305 plerisque
2766 2221 3046 2305 sinqulis

682 2334 902 2390 nocent
926 2327 1141 2394 vertit
1161 2328 1520 2392 Ramsauer
1547 2325 1633 2391 Et
1644 2327 1705 2391 h.
1734 2324 1853 2410 Ν.).
1940 2323 2017 2388 Οἱ
2047 2323 2107 2387 6²
2137 2322 2487 2409 ἄνθρωποι
2521 2334 2719 2387 ταῦτα
2749 2323 3037 2403 εὔχονται

681 2429 794 2491 καὶ
856 2426 1224 2492 διώκουσιν·
1283 2425 1383 2489 δεῖ
1434 2425 1590 2498 δὀὔ,
1651 2425 1790 2489 ἀλλ’
1834 2425 2148 2505 εὔχεσθαι
2201 2425 2316 2507 μὲν
2371 2425 2453 2489 τὰ
2498 2424 2724 2502 ἁπλῶς
2765 2424 3040 2509 ἀγοιθόι4

681 2530 795 2593 καὶ
837 2527 1053 2606 αὖτοῖς
1095 2528 1317 2613 ἀγαθὰ
1361 2523 1544 2599 εἶναι,
1588 2528 1924 2613 αἱρεῖσθαι
1968 2527 2040 2591 δὲ
2084 2527 2162 2591 τὰ
2205 2524 2422 2604 αὐτοῖς
2466 2528 2696 2612 ἀγαθά
2715 2531 2758 2596 ⁶.

854 2669 1134 2735 Iacobus
1177 2668 1475 2751 Bernays
1521 2685 1602 2732 ex
1648 2666 1817 2732 libro
1859 2664 2232 2749 Porphyrii,
2290 2666 2403 2747 qui
2456 2665 2843 2732 inscribitur
2884 2666 3036 2748 περὶ

682 2769 934 2856 ἀποχῆς
963 2766 1289 2853 ἐμψύχων,
1318 2787 1593 2852 magnas
1629 2770 1912 2850 'Pheop
1930 2768 2220 2834 hrasti
2244 2768 2463 2849 operis
2492 2773 2736 2851 partes,
2780 2767 2887 2834 cui
2920 2786 3032 2834 no-

681 2892 829 2941 men
873 2878 1023 2940 erat
1066 2871 1216 2957 περὶ
1261 2870 1579 2953 εὐσεβείας
1612 2871 1900 2937 mirabili
1931 2873 2216 2952 quadam
2258 2870 2634 2953 sagacitate
2672 2871 2970 2937 restituit
2990 2870 3034 2936 ⁶.

680 2975 993 3044 Ostendit
1032 2974 1467 3057 Porphyrium
1511 2977 1796 3040 secundo
1841 2992 1958 3040 suo
2003 2974 2191 3056 libro,
2235 2992 2360 3054 quo
2391 2975 2842 3040 demonstrare
2884 2974 3033 3042 vult

678 3078 858 3161 pium
902 3078 1223 3144 hominem
1270 3095 1467 3143 carne
1498 3068 1693 3151 'vesci
1737 3078 2055 3143 dedecere
2081 3076 2120 3159 ⁷,
2181 3078 2467 3156 quinque
2520 3075 2876 3142 inseruisse
2919 3094 3037 3141 ex·

864 3352 880 3381 ¹
919 3351 1089 3405 Locos
1127 3350 1449 3418 scriptorum
1496 3349 1592 3418 qui
1637 3350 1782 3405 hunc
1817 3349 2131 3405 Aristotelis
2177 3349 2378 3404 librum
2423 3348 2738 3417 respiciunt,
2784 3349 3030 3405 invenies

676 3439 736 3493 111
760 3437 865 3492 vol.
893 3436 1084 3504 quinto
1121 3435 1432 3491 Aristotelis
1474 3451 1695 3504 operum
1731 3434 1815 3490 ed.
1841 3435 2001 3490 Acad.
2028 3435 2166 3505 Reg.
2202 3436 2420 3490 Boruss.
2455 3452 2508 3504 p.
2537 3434 2687 3489 1483.
2755 3435 3030 3503 Imprimis

675 3524 828 3580 valet
861 3521 1166 3591 Simplicius
1211 3520 1271 3575 in
1307 3522 1397 3575 Ar.
1431 3522 1493 3576 H
1526 3521 1593 3575 de
1629 3521 1778 3575 caelo
1813 3536 1864 3588 p.
1901 3519 2020 3588 218,
2056 3519 2127 3574 20
2160 3520 2428 3575 Karsten:
2472 3519 2581 3572 “On
2615 3521 2720 3589 γὰρ
2769 3520 2951 3572 invoa
2975 3538 3031 3571 τι
3073 3583 3076 3586 Α

674 3613 762 3660 καὶ
797 3604 939 3677 ὑπὲρ
975 3606 1075 3657 τὸν
1121 3606 1253 3658 νοῦν
1301 3608 1390 3657 καὶ
1434 3607 1535 3670 τὴν
1580 3603 1771 3657 οὐσίαν
1819 3603 1849 3655 ὁ
1884 3602 1987 3674 Ἀρ.
2037 3601 2188 3669 δῆλός
2225 3605 2337 3657 ἐστι
2384 3602 2522 3672 πρὸς
2556 3619 2669 3660 τοῖς
2702 3607 2898 3672 πέρασι
2930 3608 3032 3657 τοῦ

673 3697 799 3765 περὶ
835 3692 986 3756 εὐχῆς
1020 3688 1232 3760 βιβλίου
1269 3693 1449 3756 σαφῶς
1484 3690 1671 3745 εἰπών.
1927 3690 1952 3722 ²
1986 3690 2068 3744 Cf.
2103 3691 2204 3746 Ed.
2241 3689 2420 3747 Zeller
2455 3691 2516 3745 II
2551 3693 2585 3745 2
2618 3707 2670 3760 p.
2708 3690 2825 3745 788.

848 3779 871 3812 ⁸
906 3780 1076 3847 Quam
1113 3793 1312 3848 paucos
1346 3777 1503 3846 locoS‚
1541 3776 1735 3844 quibus
1771 3792 1901 3832 voce
1936 3772 2193 3838 εὔχεσθαι
2227 3776 2424 3844 utitur,
2458 3775 2668 3830 indicat
2710 3776 2873 3830 index
2906 3790 3028 3831 ver·

672 3866 860 3921 borum
896 3864 1237 3920 Aristotelis!
1451 3862 1478 3894 ⁴
1512 3863 1591 3916 Of.
1630 3878 1797 3931 supra
1830 3878 1882 3930 p.
1918 3862 1969 3916 6.

844 3951 869 3985 ⁶
907 3950 1019 4021 Qui
1051 3965 1176 4004 vcro
1210 3948 1272 4004 id
1305 3950 1473 4018 optat.
1508 3950 1577 4002 ut
1605 3946 1675 3998 τὰ
1709 3943 1892 4000 ἁπλῶς
1926 3946 2027 4000 illa
2048 3945 2155 4001 sibi
2179 3947 2298 4000 sint
2320 3945 2475 4012 bona,
2513 3945 2600 4000 ‘nil
2628 3945 2787 4000 aliud
2820 3945 3026 4015 cupiat,

538 4097 552 4116 .
672 4051 840 4104 quam
871 4038 939 4089 ut
967 4036 1085 4104 ipse
1118 4034 1198 4089 sit
1231 4034 1404 4088 bonus
1437 4033 1797 4103 (Ramsauer).

844 4120 870 4153 ⁶
909 4119 1318 4188 Theophrasto&
1355 4118 1574 4187 Schrift
1602 4120 1736 4174 iiber
1767 4118 2168 4189 Frommiykcit
2203 4117 2353 4172 1866.

845 4205 869 4237 ⁷
901 4206 982 4260 Cf.
1033 4206 1231 4274 Porph.
1277 4221 1358 4274 ep.
1408 4206 1478 4260 ad
1515 4206 1824 4262 Anebonem
1871 4205 1932 4260 in
1966 4203 2252 4260 Iamblichi
2298 4203 2533 4259 editione
2581 4201 2874 4259 Oxoniensi
2918 4200 3036 4270 (ed-

670 4292 771 4347 Th.
808 4291 944 4346 Gale
983 4291 1137 4360 1678)
1171 4291 1262 4345 fol.
1298 4307 1328 4346 c
1363 4291 1397 4344 2
1430 4307 1483 4346 v.
1519 4291 1622 4360 in.;
1658 4298 1714 4347 et
1750 4291 1899 4348 Plut.
1935 4292 2068 4345 Mor.
2102 4306 2155 4359 p.
2192 4289 2332 4345 830.
