3509 5067
531 343 641 431 51]
879 344 1107 400 Veteres
1141 344 1443 413 philosophi
1479 345 1738 412 quomodo
1773 343 2141 401 iudicaverint
2176 345 2244 400 de
2277 344 2527 414 precibus
2792 347 2875 413 51

737 533 1014 596 quamur
1046 516 1216 581 dona
1241 515 1506 580 deorum
1531 515 1963 600 assequimur,
1992 515 2211 581 omnia
2238 514 2670 598 perficiuntur
2690 534 2891 598 opera

735 621 1088 698 antequam
1131 616 1617 699 intellegamus,

567 736 690 802 ΠΙ.
735 736 1064 802 Summum
1086 734 1537 817 precationum
1569 755 1781 818 genus
1811 736 2189 803 nominatur
2232 741 2301 803 et
2348 732 2891 820 ἐπισφραγίζεται

733 837 1213 922 (consignatur)
1259 835 1296 919 ἡ
1341 834 1612 924 ἄῤῥητος
1662 833 1903 915 ἕνωσις.
1988 840 2133 923 Qua
2193 838 2433 905 unione
2477 843 2622 905 tota
2663 857 2889 921 preca·

733 941 986 1006 tionum
1030 939 1134 1007 vis
1176 940 1245 1005 in
1290 940 1390 1005 dis
1435 941 1796 1007 collocatur
1840 945 1911 1008 et
1953 942 2173 1008 anima
2216 945 2447 1007 nostra
2490 940 2890 1023 conquiescit

732 1042 804 1108 in
847 1042 949 1108 dis
973 1043 1014 1107 1.

701 1145 890 1227 Quod
935 1146 1022 1210 ad
1050 1132 1206 1210 deos
1250 1145 1559 1229 pertinet,
1586 1144 1840 1227 triplici
1875 1144 2027 1210 usui
2063 1144 2431 1211 hominibus
2475 1144 2888 1227 precationes

528 1252 701 1313 sunt.
788 1247 1189 1328 Comparant
1232 1246 1437 1313 enim:

642 1349 692 1415 I.
738 1349 1265 1432 intellegentiam
1318 1345 1415 1433 (τὸ
1456 1346 1573 1430 μὲν
1616 1347 1708 1424 εἰς
1753 1344 2125 1431 ἓπίλαμψιν
2166 1349 2393 1433 τεῖνον)

606 1452 694 1518 Π.
739 1469 1136 1517 communem
1182 1469 1448 1532 operum
1495 1450 1801 1517 effectum
1848 1448 1945 1535 (τὸ
1993 1449 2065 1514 δὲ
2103 1447 2197 1526 εἰς
2226 1449 2436 1535 κοινὴν
2463 1449 2888 1537 ἀπεργασίαν)

569 1554 693 1620 III.
737 1554 1098 1619 incendunt
1141 1570 1258 1618 nos
1303 1552 1545 1634 spiritu
1605 1552 1831 1620 divino
1892 1551 1988 1637 (τὸ
2035 1549 2107 1615 δὲ
2150 1549 2243 1628 εἰς
2285 1552 2395 1638 τὴν
2433 1552 2680 1616 τελείαν
2722 1549 2889 1617 ἀπο-

729 1654 1058 1739 πλήρωσιν
1101 1652 1238 1717 ἅπὸ
1281 1664 1394 1717 τοῦ
1436 1652 1713 1739 amoos).-

699 1758 999 1839 Denique
1042 1757 1368 1841 triplicem
1412 1758 1869 1839 precationum
1913 1757 2206 1824 ordinem
2250 1758 2478 1825 affert:

638 1861 691 1927 I.
735 1866 854 1927 aut
897 1861 1312 1943 precationes
1357 1859 1699 1926 sacrificiis
1743 1862 2155 1942 praecedunt

603 1962 693 2030 H.
736 1968 857 2029 aut
901 1981 1035 2030 una
1078 1981 1222 2028 cum
1268 1962 1614 2029 sacrificiis
1659 1962 2023 2029 offeruntur

563 2066 689 2131 III.
736 2069 855 2131 aut
901 2064 1242 2131 sacrificiis
1289 2064 1498 2130 finitis
1543 2064 1999 2146 suscipiuntur
2011 2065 2057 2131 2.

699 2167 843 2253 Quo
871 2167 1050 2234 facto
1096 2167 1358 2249 singula
1388 2169 1718 2234 commoda
1747 2167 2198 2248 precationum
2230 2175 2518 2247 enarrat,
2546 2167 2618 2233 in
2649 2166 2886 2248 quibus

526 2270 709 2336 salus
750 2270 970 2351 posita
1012 2269 1120 2353 sit,
1162 2268 1305 2336 sine
1350 2268 1586 2349 quibus
1607 2267 1634 2307 ⁸
1691 2269 1879 2335 nulla
1921 2269 2041 2335 fiat
2082 2268 2414 2335 sollemnis
2474 2267 2887 2335 caerimonia.

522 2371 951 2438 Precationes
982 2372 1152 2438 enim
1176 2370 1610 2453 exstinguunt
1633 2374 1836 2453 atque
1865 2372 2158 2439 evellunt
2186 2371 2511 2461 radicitus
2542 2390 2623 2438 ex
2653 2370 2886 2454 anim0,

525 2491 967 2554 quaecumque
1011 2473 1277 2541 divinae
1305 2473 1510 2540 menti
1553 2474 1855 2556 opposita
1896 2478 2067 2557 sunt,
2112 2492 2166 2539 e.
2211 2492 2275 2556 g.
2314 2471 2387 2536 τὸ
2428 2472 2885 2557 γενεσιουργόν,

523 2581 755 2643 contra
800 2576 1096 2643 efficiunt
1139 2595 1319 2659 spem
1351 2581 1420 2642 et
1461 2576 1671 2658 fidem,
1714 2575 1825 2642 vel
1870 2581 1948 2643 ut
1977 2576 2206 2658 paucis
2252 2575 2632 2657 complexus
2656 2576 2885 2643 verbis

523 2678 713 2745 dicit:
772 2678 1277 2745 Precationibus
1350 2678 1466 2760 qui
1523 2678 1909 2759 frequenter
1966 2682 2277 2762 utuntur,
2343 2677 2709 2744 familiares
2767 2680 2877 2744 de-

522 2799 704 2847 orum
751 2780 920 2847 fiunt
937 2782 982 2847 ⁴.

695 2884 824 2949 Tot
868 2889 938 2949 et
980 2887 1176 2950 tanta
1217 2884 1390 2949 bona
1434 2883 1807 2950 hominibus
1866 2887 2331 2965 comparantur
2372 2882 2881 2966 precationibuS‚

521 2990 682 3067 quot
726 2990 797 3052 et
840 2991 1093 3067 quanta
1129 2985 1422 3053 homines
1453 2986 1787 3068 accipiunt
1818 2983 1953 3049 ἀπὸ
1982 2995 2109 3049 τῶν
2137 2984 2599 3072 δημιουργικῶν
2642 2981 2880 3052 αἰτίων.

520 3088 753 3155 Denuo
797 3094 939 3155 tres
981 3088 1378 3171 precationis
1421 3089 1787 3170 qualitates
1833 3084 2363 3172 distinguuntur:

750 3191 800 3257 I.
848 3189 921 3255 τὸ
968 3189 1299 3274 ἅναγωγόν

712 3294 800 3359 ΙΙ.
841 3291 917 3356 τὸ
959 3292 1393 3380 τελεσιουργόν

664 3395 790 3461 III.
830 3394 904 3458 τὸ
951 3393 1506 3480 ἅποπληρωτικόν.

695 3496 827 3562 Sub
871 3497 998 3564 fine
1040 3517 1270 3564 rursus
1314 3497 1657 3564 contendit
1699 3496 2115 3580 precationes
2160 3501 2228 3561 et
2273 3514 2465 3562 sacra
2509 3500 2659 3562 arte
2702 3496 2882 3561 inter

523 3616 594 3665 se
638 3598 986 3665 coniuncta
1028 3599 1177 3681 ipsa
1221 3600 1347 3666 sibi
1404 3599 1686 3668 invicem
1746 3601 2016 3666 tradere
2058 3597 2399 3682 religionis
2444 3597 2575 3665 vim
2621 3616 2879 3664 sacram

399 3705 406 3711 ’
523 3704 591 3766 et
641 3700 1005 3782 perfectam
1029 3703 1073 3767 ⁶.

692 3802 788 3869 Ut
829 3803 989 3870 libri
1034 3806 1116 3870 de
1160 3803 1492 3887 mysteriis
1552 3808 1783 3869 auctor
1825 3802 2052 3869 multis
2102 3802 2262 3869 locis
2306 3801 2734 3868 Iamblichum
2775 3819 2877 3867 se-

695 3976 717 4006 ¹
750 3991 802 4044 p.
839 3974 958 4045 237,
996 3973 1250 4043 14-238,
1287 3973 1336 4026 5.
1590 3971 1614 4003 ‘³
1648 3988 1699 4041 p.
1737 3972 1856 4041 238,
1891 3970 2079 4026 6-13,

694 4059 716 4092 ⁸
748 4060 1123 4116 Precationem
1159 4058 1403 4127 appellat
1435 4074 1487 4127 p.
1513 4057 1631 4127 239,
1656 4058 1722 4110 17
1756 4054 1823 4108 τὸ
1857 4058 1972 4107 τῶν
2006 4056 2221 4106 θυσιῶν
2254 4051 2422 4113 τέλος,
2458 4054 2587 4123 quia
2621 4070 2744 4109 cum
2778 4055 2879 4111 deo

519 4145 706 4214 opifice
741 4145 1031 4215 coniungit
1064 4148 1349 4213 precantes
1383 4148 1442 4198 et
1476 4143 1863 4212 sacrificantes,
1900 4143 1967 4196 cf.
2003 4158 2056 4210 p.
2092 4140 2209 4197 237.

690 4231 715 4263 ⁴
749 4248 800 4300 p.
837 4231 955 4301 238,
992 4231 1247 4300 14—239‚
1286 4229 1368 4284 13.

692 4317 716 4349 ⁶
752 4333 802 4385 p.
838 4316 957 4388 240,
997 4316 1146 4371 1—9.
