3509 5067
501 369 607 457 1'5]
849 370 1075 425 Veteres
1110 368 1414 438 philosophi
1449 371 1710 439 quomodo
1744 370 2113 426 iudicaverint
2147 372 2214 427 de
2247 372 2495 441 precibus
2777 376 2860 441 15

667 540 904 605 Adhuc
926 558 1164 622 sparsa
1181 542 1387 632 solum
1413 542 1494 607 de
1516 542 1825 623 precibus
1846 542 2029 608 dicta
2045 542 2470 627 repperimus,
2495 563 2665 625 quae
2687 563 2858 611 nunc

498 647 573 711 ut
614 642 822 708 totius
864 642 1025 709 libri
1067 647 1527 724 argumentum
1557 644 1743 711 nobis
1787 649 2138 711 occurrunt
2181 652 2249 711 et
2289 644 2535 729 dialogi
2581 645 2859 728 quidem,

498 742 612 826 qui
632 744 1025 810 ‘inscribitur
1053 743 1577 831 Ἀλκιβιάδης
1621 744 2015 831 δεύτερος
2047 741 2087 828 ἢ
2115 746 2311 830 περὶ
2339 749 2859 833 προσευχῆςῑ.

500 847 704 931 Quem
750 846 994 914 librum
1038 847 1307 914 Platoni
1351 849 1690 914 subditum
1735 867 1880 914 esse
1923 848 2103 915 inter
2146 868 2367 916 omnes
2411 851 2589 919 viros
2632 852 2861 917 doctos

497 1085 600 1138 122
613 1085 749 1154 sqq.)
800 1084 1020 1139 nomine
1056 1080 1312 1149 δαίμονας
1346 1089 1702 1154 nuncupant,·
1749 1085 1899 1141 inter
1933 1086 2178 1142 homines
2213 1087 2592 1157 coelicolasque
2624 1093 2861 1145 vectores

496 1172 645 1238 sunt,
681 1169 812 1224 hinc
834 1186 1065 1238 precum
1097 1169 1227 1224 inde
1261 1170 1548 1239 donorum,
1596 1170 1693 1239 qui
1726 1172 1878 1226 ultro
1915 1172 2051 1227 citro
2080 1176 2333 1242 portant,
2380 1173 2510 1228 hinc
2546 1174 2858 1245 petitiones,

497 1254 628 1310 inde
658 1255 942 1325 suppetias
978 1298 990 1310 .
1028 1298 1040 1310 .
1079 1298 1092 1311 .
1129 1256 1240 1310 Per
1275 1256 1372 1311 hos
1409 1257 1619 1311 eosdem
1652 1260 1722 1311 ut
1741 1258 1911 1312 ,Plato
1945 1257 2007 1311 in
2033 1258 2325 1327 Symposio
2356 1262 2625 1328 autumat,
2662 1264 2861 1315 cuncta

499 1340 844 1397 denuntiata.
881 1342 1033 1396 Idem
1070 1341 1136 1395 13
1162 1342 1229 1396 de
1254 1342 1629 1398 daemonibus:
1670 1385 1683 1397 .
1710 1385 1722 1397 .
1749 1342 1993 1398 Proinde
2021 1346 2090 1398 ut
2108 1360 2226 1413 nos,
2257 1345 2385 1413 pati
2410 1349 2650 1414 possunt
2672 1345 2862 1401 omnia

500 1469 512 1481 .
540 1470 553 1483 .
579 1427 935 1496 placamenta
960 1471 971 1483 .
1000 1469 1012 1481 .
1039 1468 1052 1482 .
1079 1430 1134 1481 et
1166 1426 1328 1482 donis
1357 1427 1676 1482 invitantur
1699 1431 1754 1483 et
1776 1428 2036 1497 precibus
2061 1429 2364 1487 leniuntur.
2402 1431 2483 1486 Cf.
2507 1431 2579 1485 ib.
2616 1448 2659 1486 c.
2688 1433 2767 1487 14.
2793 1463 2862 1471 —

497 1513 829 1581 Porphyrius
880 1528 1091 1582 quoque
1138 1512 1408 1581 Symposii
1453 1514 1621 1568 verba
1666 1514 1917 1583 respicit,
1968 1515 2035 1568 de
2089 1515 2227 1570 abst.
2274 1516 2335 1570 ΙΙ
2368 1516 2464 1570 38;
2515 1515 2603 1567 Ἐν
2637 1513 2694 1568 δὲ
2738 1517 2862 1569 τού-

496 1616 611 1651 τοις
644 1594 988 1662 ἆριθμητέον
1021 1600 1111 1648 καὶ
1143 1595 1269 1651 τοὺς
1302 1597 1741 1662 πορθμεύοντας,
1780 1595 1850 1652 ὥς
1886 1614 2012 1666 φησι
2040 1595 2300 1660 Πλάτων,
2335 1604 2426 1651 καὶ
2461 1597 2863 1670 διαγγέλλοντας

495 1681 565 1733 τοὶ
601 1680 730 1749 παρ’
766 1679 1087 1749 ἀνθρώπων
1121 1682 1278 1736 θεοῖς
1311 1680 1490 1732 καὶτὰ
1523 1681 1676 1748 παρὰ
1715 1684 1868 1734 θεῶν
1892 1681 2233 1751 ἀνθρώποις,
2268 1683 2363 1739 τὰς
2397 1687 2503 1749 μὲν
2536 1684 2668 1753 παρ’
2702 1687 2862 1751 ἡμῶν

496 1764 646 1829 εὐχὰς
681 1765 752 1821 ὥς
787 1765 922 1833 πρὸς
958 1762 1203 1820 δικαστὰς
1238 1766 1608 1835 ἀναφέροντας
1640 1766 1769 1821 τοὺς
1793 1767 1971 1824 θεούς.
1999 1800 2065 1808 -
2092 1770 2170 1824 Cf.
2198 1771 2377 1825 Zeller
2398 1771 2488 1825 III
2512 1773 2545 1825 2
2579 1789 2630 1840 p.
2654 1771 2774 1842 211,
2809 1775 2862 1828 4.

494 1852 697 1907 Plotin.
721 1868 841 1906 enn.
867 1853 949 1907 IV
965 1853 1015 1922 4,
1040 1853 1108 1905 43
1133 1852 1255 1921 (437
1268 1852 1353 1921 Β).
1402 1852 1583 1907 Habes
1606 1853 1786 1922 igitur
1809 1855 2033 1909 eandem
2060 1854 2380 1923 opinionem,
2405 1873 2515 1924 qua
2539 1858 2862 1914 christianos

495 1954 621 1993 usos
655 1953 773 1993 esse
808 1943 997 1992 notum
1035 1943 1133 1992 est.
1204 1938 1377 1993 Velut
1411 1937 1673 2007 Origenes
1710 1944 1767 1994 et
1803 1941 2025 2009 angelos
2061 1948 2118 1995 et
2155 1940 2364 1995 animas
2388 1948 2698 1998 sanctorum
2722 1960 2861 2007 mor-

497 2029 716 2078 tuorum
739 2040 924 2092 preces
948 2024 1019 2078 ad
1043 2025 1200 2078 deum
1227 2023 1465 2092 perferre
1488 2025 1645 2079 docet
1671 2025 1730 2078 H
1752 2042 1804 2095 p.
1828 2025 2070 2079 321-24
2093 2027 2374 2095 Koetsch.;
2401 2028 2465 2081 cf.
2492 2044 2545 2083 v.
2576 2029 2626 2083 d.
2655 2029 2861 2085 Goltz

498 2110 624 2163 Das
652 2109 822 2164 Gebet
842 2110 906 2162 in
930 2108 1026 2163 der
1048 2110 1279 2163 ciltesten
1307 2108 1671 2164 Christenheit
1703 2127 1753 2180 p.
1781 2111 1898 2181 271,
1934 2111 1981 2164 1.
2053 2113 2250 2167 Preces
2275 2113 2341 2167 ab
2371 2114 2584 2184 angelis
2608 2116 2677 2169 ad
2700 2114 2862 2171 deum

498 2193 691 2250 referri
715 2195 961 2250 Clemens
997 2202 1208 2263 quoque
1246 2196 1404 2249 Alex.
1440 2211 1757 2263 persuasum
1814 2196 1994 2265 habet,
2040 2202 2226 2253 strom.
2267 2198 2371 2252 338
2405 2199 2608 2268 (Sym).
2679 2201 2862 2255 Astris

499 2286 556 2335 et
591 2296 778 2349 preces
814 2285 873 2335 61
918 2281 1176 2350 carmina,
1226 2296 1364 2348 quae
1411 2281 1471 2335 in
1517 2280 1606 2335 dei
1657 2282 1912 2336 honorem
1967 2288 2189 2353 canunt,
2238 2283 2635 2353 attribuuntur,
2683 2286 2864 2342 sidera

498 2372 684 2421 autem
737 2366 859 2435 ipsa
903 2365 1147 2421 homines
1194 2366 1405 2434 precari
1450 2383 1559 2421 non
1608 2368 1781 2435 decet,
1828 2367 1981 2437 Orig.
2029 2384 2073 2422 6.
2122 2369 2262 2423 Cels,
2315 2370 2368 2425 V
2404 2369 2434 2421 1
2483 2372 2738 2426 Koetsch.
2784 2373 2863 2442 II,

499 2468 550 2520 p.
578 2453 661 2505 12.
686 2482 755 2490 -
777 2452 939 2520 Apud
963 2452 1245 2507 Philonem
1271 2453 1535 2507 Iudaeum
1561 2450 1591 2501 ὁ
1622 2450 1777 2521 λόγος
1800 2469 2041 2507 summus
2077 2455 2323 2522 pontifex
2347 2451 2659 2526 (ἀρχιερεύς)
2694 2464 2864 2526 atque
2948 2461 2955 2468 ’

499 2539 798 2593 advocatus
832 2534 1212 2605 (παράκλητος)
1248 2533 1578 2605 nominatur,
1632 2538 1727 2605 qui
1772 2538 1917 2593 inter
1963 2540 2123 2594 deum
2171 2546 2229 2595 et
2274 2543 2536 2596 mundum
2582 2548 2861 2611 tamquam

499 2623 822 2678 intercessor
850 2621 1185 2678 constitutus
1209 2622 1299 2691 sit,
1336 2622 1612 2677 hominum
1638 2639 1826 2690 preces
1850 2625 1920 2678 ad
1944 2625 2105 2679 deum
2128 2625 2404 2692 perferens
2429 2635 2487 2682 et
2509 2628 2598 2682 (161
2621 2629 2861 2703 gratiam
2969 2655 2976 2660 ·

496 2708 802 2763 hominibus
849 2708 1156 2777 concilians,
1206 2708 1273 2762 cf.
1320 2709 1386 2762 de
1434 2708 1649 2777 gigant.
1699 2707 1785 2777 52,
1832 2725 1885 2777 p.
1922 2710 2007 2778 52,
2043 2711 2078 2763 5
2113 2711 2278 2769 Wdl„
2326 2728 2378 2781 p.
2414 2712 2517 2766 269
2552 2713 2690 2783 Mg.;
2740 2714 2862 2769 vita

498 2794 630 2849 Moe.
657 2793 723 2847 14
746 2811 799 2862 p.
825 2794 955 2862 1553
991 2794 1058 2849 de
1088 2793 1305 2863 profug.
1329 2794 1398 2847 20
1420 2810 1471 2861 p.
1496 2793 1626 2862 5623
1663 2794 1731 2848 cf.
1755 2793 2173 2851 Ritter-Preller
2195 2795 2347 2850 Hist.
2365 2797 2506 2866 phil.
2526 2815 2699 2868 qraec.
2727 2799 2865 2853 1898

501 2881 533 2947 §
568 2878 674 2933 610
687 2896 737 2934 a.

679 2981 700 3013 1
734 2982 928 3036 Preces
979 2982 1394 3050 pertractabant
1439 2998 1560 3036 611111
1610 2986 1800 3036 auctor
1845 2981 2071 3050 ignotus
2106 2982 2405 3038 Alcibiadis
2439 2985 2530 3053 Π.,
2576 2990 2697 3040 111111
2731 2986 2861 3040 scri-

499 3072 682 3137 ptores
706 3068 802 3135 qui
823 3073 1153 3135 sequuntur:
1190 3066 1514 3122 Aristoteles
1538 3070 1665 3134 περὶ
1689 3064 1865 3135 εὐχῆςς
1904 3067 2140 3136 Persius,
2178 3077 2282 3122 sat.
2306 3069 2388 3137 H3
2423 3070 2718 3140 Iuvenalis,
2754 3078 2860 3127 sat.

500 3154 581 3223 X;
615 3154 888 3208 Maximus
922 3152 1142 3221 Tyrius,
1181 3152 1306 3207 diss.
1332 3153 1415 3207 XI
1450 3153 1498 3202 εἰ
1520 3148 1602 3203 δεῖ
1632 3148 1907 3213 εὔχεσθαι.
1955 3153 2202 3224 Clemens
2227 3154 2628 3210 Alexandrinus
2650 3156 2862 3224 primus

502 3241 569 3295 de
593 3239 836 3294 oratione
860 3238 1159 3293 christiana
1184 3237 1492 3293 accuratius
1516 3238 1649 3308 egit,
1687 3243 1869 3292 strom.
1895 3239 2007 3293 VII
2037 3255 2082 3292 c.
2108 3240 2167 3308 73
2204 3240 2399 3295 deinde
2422 3240 2701 3311 OrigeneS,
2738 3246 2862 3311 περὶ

502 3319 675 3393 εὔχὴς;
712 3324 1105 3392 TertullianuS,
1143 3325 1209 3378 de
1245 3324 1514 3393 oratione;
1553 3324 1875 3392 Cyprianus,
1911 3324 1977 3378 de
2002 3323 2263 3380 oratione.
2333 3325 2416 3380 De
2455 3326 2684 3399 ratione,
2721 3344 2864 3396 quae

499 3410 808 3466 intercedat
829 3409 975 3464 inter
998 3409 1095 3463 hos
1120 3408 1449 3464 Tertulliani
1473 3414 1531 3464 et
1555 3409 1814 3477 Cypriani
1836 3409 2001 3464 libros
2037 3409 2173 3465 dicit
2207 3427 2335 3466 von
2371 3412 2489 3467 der
2524 3413 2729 3468 Goltz
2753 3414 2788 3469 L
2815 3430 2861 3469 6.

500 3512 554 3564 p.
578 3496 709 3549 282:
733 3495 881 3549 Eine
911 3494 1131 3565 yewisse
1165 3493 1642 3563 Verwandtschaft
1663 3494 1758 3549 der
1787 3494 2082 3550 Gedanken
2106 3495 2214 3550 mit
2236 3497 2408 3551 denen
2430 3497 2522 3552 des
2552 3498 2862 3553 Ter-tullian

478 3582 583 3635 ·ist
613 3579 771 3634 nicht
800 3597 870 3634 zu
902 3581 1232 3650 verleennae’n3
1269 3581 1399 3634 aber
1432 3580 1549 3635 eine
1585 3580 1926 3635 literarische
1959 3580 2359 3653 Abhc'inyiykeit
2390 3582 2487 3636 der
2507 3583 2722 3650 Schrift
2755 3584 2858 3654 03]-

495 3666 699 3737 prians
746 3665 826 3719 iet
868 3665 1034 3720 sehon
1080 3665 1299 3721 deshalb
1348 3661 1810 3737 ausyesch'loseen,
1858 3666 1980 3721 weil
2031 3667 2171 3721 Teaet
2211 3668 2330 3721 und
2362 3668 2719 3739 Reihenfolye
2764 3669 2865 3724 der
2955 3677 2969 3686 ·

511 3750 1020 3809 Vaterunserbitien
1054 3767 1159 3805 von
1182 3752 1447 3807 einander
1470 3752 1786 3807 abweichen.
1856 3753 2139 3809 Accedunt
2169 3753 2464 3822 Gregorius
2487 3754 2537 3808 N
2537 3770 2766 3822 yssenus
2787 3756 2861 3810 εἰς

500 3835 601 3902 τὴν
635 3837 951 3906 προσευχήν,
987 3841 1123 3891 orat.
1147 3836 1227 3905 V3
1264 3838 1545 3905 Apratrat,
1583 3838 1862 3906 episcopus
1899 3839 2086 3906 quarti
2108 3839 2325 3907 saeculi,
2361 3840 2502 3894 hom.
2526 3839 2608 3894 IV
2641 3839 2728 3906 (cf.
2754 3856 2861 3895 von

501 3924 596 3977 der
620 3921 782 3977 Goltz
815 3921 852 3977 l.
887 3938 932 3976 6.
966 3938 1021 3990 p.
1045 3922 1145 3976 287
1160 3922 1288 3992 sq.);
1324 3924 1552 3978 Ioannes
1588 3924 1897 3993 Cassianus,
1933 3923 2111 3978 collat.
2147 3925 2244 3978 IX.
2281 3925 2349 3978 X.
2438 3925 2728 3979 Praeterea
2760 3925 2860 3980 im-

499 4007 690 4076 primis
714 4007 1166 4061 commemorandi
1195 4014 1342 4078 sunt,
1379 4025 1705 4077 quamquam
1741 4025 1847 4063 non
1870 4016 2137 4078 perpetua
2158 4009 2403 4064 oratione
2428 4015 2487 4065 et
2524 4026 2631 4065 uno
2655 4016 2861 4080 tenore,

500 4093 597 4147 sed
642 4091 873 4147 diversis
920 4091 1050 4146 locis
1104 4092 1170 4146 de
1221 4092 1472 4160 precibus
1521 4097 1781 4161 egerunt:
1844 4092 2075 4148 Ioannes
2124 4093 2556 4165 Chrysostomus,
2603 4096 2862 4162 Basilius,

501 4177 864 4247 Augustinus,

675 4262 878 4317 Contra
912 4262 1143 4317 Luciani
1177 4263 1411 4332 dialogo,
1449 4262 1544 4331 qui
1577 4262 1894 4318 inscribitur
1927 4257 2122 4313 πλοῖον
2157 4259 2189 4329 ἣ
2224 4262 2373 4327 εὐχαί
2405 4282 2535 4322 voce
2570 4264 2720 4329 εὐχαί
2750 4282 2858 4322 non

500 4353 619 4402 tam
654 4363 840 4416 preces
877 4346 1238 4417 designantur
1275 4364 1438 4416 quam
1473 4349 1795 4419 optationes,
1832 4348 1898 4403 cf.
1933 4348 2125 4405 Horat.
2160 4341 2263 4406 sat.
2300 4351 2331 4405 1
2366 4350 2413 4406 1.
