3509 5067
640 342 723 410 10
1532 341 1799 396 Henricus
1837 335 2079 396 schmidt
2163 339 2174 350 “
2881 341 2992 430 [10

635 531 808 581 nova
837 516 907 578 et
934 512 1272 579 honestior
1301 510 1703 578 existimatio
1733 512 2000 577 deorum
2029 514 2100 577 et
2131 512 2578 593 precationum
2606 513 2992 598 pervulgari

637 619 872 697 coepta
918 619 1080 698 erat,
1123 616 1263 681 sola
1306 614 1560 680 virtute
1618 615 1810 679 deum
1854 613 1980 680 coli
2046 614 2386 698 docebant,
2443 634 2572 682 non
2630 615 2991 683 sacrificiis.

635 717 1069 801 Diogenes
1112 718 1362 799 templa
1405 734 1535 782 non
1578 715 1825 799 adibat,
1877 734 2069 782 sacra
2111 734 2243 783 non
2286 715 2580 784 faciebat
2598 720 2642 801 ²,
2687 718 2991 788 Crates

637 819 1035 887 Mercurium
1079 823 1150 885 et
1192 820 1416 886 Musas
1460 837 1533 885 se
1563 819 1893 885 culturum
1939 837 2084 886 esse
2114 818 2289 885 dixit
2332 818 2594 904 (Iulian.
2638 840 2730 887 or.
2761 822 2891 888 200
2904 821 2991 907 A)

639 921 715 987 οὗ
761 921 1082 997 δαπάναις
1122 931 1488 1009 τρυφεραῖς,
1542 919 1683 984 ἀλλ’
1726 920 1985 1006 ἀρεταῖς
2028 920 2258 997 ὁσίαις.
2347 921 2575 1005 Cynici
2633 941 2760 990 non
2804 942 2847 989 a
2888 925 2991 990 dis

637 1029 893 1110 petunt,
937 1043 1108 1107 quae
1160 1043 1544 1107 quamquam
1607 1023 1800 1091 stulti
1858 1024 2151 1091 homines
2210 1026 2384 1091 bona
2442 1043 2586 1092 esse
2645 1025 2994 1106 opinentur

636 1135 860 1196 tamen
911 1146 986 1194 re
1029 1145 1192 1197 vera
1248 1128 1386 1194 siut
1435 1128 1614 1194 mala
1657 1126 1875 1211 (Diog.
1934 1127 2010 1193 L.
2056 1127 2152 1193 VI
2195 1127 2336 1213 42):
2399 1126 2715 1191 Ἐνεκάλει
2774 1126 2994 1213 (Διο-

636 1230 894 1316 γένης)
946 1240 1084 1308 τοῖς
1127 1228 1507 1314 ἀνθρώποις
1547 1229 1703 1315 περὶ
1743 1237 1855 1315 τῆς
1897 1229 2095 1315 εὐχῆς,
2146 1225 2477 1294 αἰτεῖσθαι
2519 1229 2723 1315 λέγων
2766 1228 2997 1307 αὐτοὺς

638 1332 864 1417 ἀγαθὰ
906 1331 988 1396 τὰ
1016 1332 1236 1408 αὐτοῖς
1264 1331 1573 1398 δοκοῦντα
1614 1332 1726 1396 καὶ
1771 1330 1846 1396 οὗ
1885 1331 1967 1396 τὰ
1994 1331 2134 1396 κατ’
2172 1330 2497 1419 ἀλήθειαν.
2586 1333 2806 1400 Stulte
2834 1351 2993 1401 vero

636 1436 1062 1520 precantibus
1098 1436 1422 1503 illudebat
1466 1474 1551 1485 —
1595 1435 1994 1518 Aesculapio
2057 1434 2232 1501 enim
2268 1435 2708 1519 gallinaceum
2750 1442 2995 1520 pycten

637 1539 950 1623 sacravit,
1006 1539 1121 1621 qui
1162 1538 1723 1622 procumbentium
1767 1539 2004 1606 faciem
2047 1539 2393 1606 incurrens
2453 1545 2826 1606 contereret
2870 1574 2953 1590 —
2968 1538 2994 1576 ²

639 1646 709 1708 et
742 1642 1069 1710 irridebat
1104 1642 1460 1709 stultitiam
1491 1641 2003 1709 sacrificantium
2031 1640 2248 1726 (Diog.
2278 1642 2352 1709 L.
2389 1642 2431 1710 l.
2455 1661 2505 1709 c.
2536 1642 2676 1727 63):
2708 1641 2997 1707 Θυόντων

636 1754 828 1808 τινῶν
851 1754 991 1820 τοῖς
1017 1747 1209 1821 θεοῖς
1236 1738 1349 1808 ἐπὶ
1375 1753 1467 1829 τῷ
1494 1742 1635 1809 υἱὸν
1662 1746 1990 1826 γενέσθαι,
2035 1740 2164 1831 ἔφη
2202 1744 2397 1828 ηπερὶ
2439 1741 2512 1808 δὲ
2536 1754 2651 1809 τοῦ
2691 1742 2996 1822 ποδαπὸς

640 1843 798 1932 ἐκβῇ
821 1846 895 1910 οὗ
916 1848 1184 1921 θύετε,·“
1208 1848 1236 1887 ⁸
1264 1848 1408 1915 Non
1431 1847 1704 1916 divitias
1727 1866 1869 1914 esse
1890 1866 1933 1913 a
1955 1846 2058 1913 dis
2083 1849 2502 1930 expetendas,
2530 1849 2650 1915 sed
2676 1848 2994 1915 virtutem

641 1950 877 2018 Crates
900 1951 1214 2018 censebat
1236 1949 1495 2037 (Iulian.
1518 1969 1608 2016 or.
1641 1949 1986 2033 199Dsq.;
2017 1950 2198 2017 PLG
2217 1951 2290 2017 H
2308 1951 2338 1988 ⁴
2374 1969 2433 2033 p.
2456 1950 2638 2033 364):
2684 1949 2995 2036 Χρήματα

641 2050 701 2117 δ’
747 2051 862 2116 οὐκ
904 2049 1112 2117 ἐθέλω
1158 2055 1450 2136 συνάγειν
1489 2051 1683 2117 κλυτὰ
1728 2099 1743 2115 .
1796 2101 1809 2114 .
1859 2099 1873 2114 .
1929 2051 1940 2140 Ι
1993 2050 2158 2116 ἀλλὰ
2202 2050 2605 2139 δικαιοσύνης
2643 2058 2930 2134 μετέχειν
2946 2053 2992 2114 4.

636 2253 826 2324 διόπερ
871 2254 1042 2310 αὐτὸν
1089 2252 1259 2313 οὐδεὶς
1304 2258 1573 2322 ἐκμαθεῖν
1617 2258 1674 2319 ἐξ
1721 2256 1926 2311 εἰκόνος
1973 2253 2215 2312 δύναται.
2299 2258 2583 2314 Demonax
2629 2272 2844 2326 quoque
2887 2273 2997 2313 non

636 2342 976 2398 sacrificabat
998 2342 1275 2399 Minervae
1298 2342 1778 2411 (Pseudo-Lucian.
1805 2344 2031 2399 Demon.
2054 2360 2100 2398 c.
2129 2343 2243 2414 ll):
2289 2340 2427 2395 Οὐδὲ
2446 2341 2552 2411 γὰρ
2577 2339 2795 2395 δεῖσθαι
2828 2340 2998 2405 αὐτὴν

634 2428 751 2479 τῶν
771 2426 900 2496 παρ’
927 2427 1059 2493 ἐμοῦ
1083 2428 1298 2480 θυσιῶν
1317 2424 1720 2494 ὑπελάμβανον.
1764 2429 1918 2484 Idem
1934 2445 2043 2484 non
2067 2428 2393 2498 precabatur
2415 2428 2475 2484 in
2498 2428 2716 2499 templo,
2741 2444 2866 2484 eum
2889 2428 2995 2485 alio

637 2528 851 2582 quoque
889 2515 1005 2568 loco
1041 2530 1076 2568 a
1110 2514 1208 2569 deo
1244 2529 1303 2569 se
1336 2513 1585 2569 exaudiri
1617 2520 1844 2582 putaret
1877 2515 1941 2583 (c.
1968 2515 2074 2585 27).

815 2617 835 2650 ¹
859 2617 1025 2673 Cuius
1043 2617 1122 2672 rei
1136 2617 1539 2673 excusationem
1551 2617 1736 2688 (quam
1747 2619 1787 2674 J
1787 2620 1984 2675 acobus
1995 2619 2241 2686 Bernays
2253 2617 2476 2672 Lucian
2493 2617 2611 2673 und
2627 2617 2717 2673 dic
2726 2615 2993 2689 Kyniker,

637 2707 882 2758 annotat.
932 2702 999 2756 18
1045 2701 1223 2757 lahme
1266 2701 1557 2770 Auskuntt
1601 2703 1870 2773 nominat)
1926 2703 2089 2759 affert
2102 2746 2116 2773 ,
2175 2704 2317 2772 quod
2363 2704 2641 2759 mendicus
2699 2709 2848 2773 erat,
2905 2703 2997 2758 Iu-

635 2788 818 2844 lianus
853 2804 930 2844 or.
977 2789 1057 2845 VI
1095 2788 1254 2843 199ss
1300 2788 1383 2844 ed.
1430 2789 1715 2845 Hertleint'
1753 2788 1928 2841 Ἔστω
1974 2785 2036 2856 δὴ
2078 2789 2155 2855 μὴ
2191 2829 2203 2841 .
2240 2832 2254 2845 .
2291 2831 2306 2844 .
2355 2789 2386 2840 ὃ
2425 2787 2596 2841 Κύων
2641 2785 2859 2854 «ineundis
2901 2807 2997 2855 μη·

637 2869 696 2925 δὲ
744 2872 1093 2937 ἀναίσχυντος
1142 2870 1277 2940 μηδὲ·
1327 2873 1632 2946 ὑπερόπτης
1676 2873 1904 2927 πάντων
1949 2873 2088 2943 ὁμοῦ
2138 2877 2313 2928 θείων
2360 2894 2421 2926 τε
2468 2878 2560 2927 καὶ
2603 2868 2997 2943 ἄνθρωπίνων,

636 2955 773 3011 ἀλλὰ
807 2957 1034 3027 εὐλαβὴς
1067 2961 1172 3025 μὲν
1203 2958 1273 3012 τὰ
1307 2957 1442 3029 πρὸς
1476 2960 1542 3013 τὸ
1577 2962 1742 3012 θετον
1777 2956 1959 3027 ῶσπερ
1995 2961 2286 3028 Διογένης·
2336 2963 2385 3012 εἰ
2418 2956 2494 3020 δέ.
2543 2957 2629 3013 ὅτι
2661 2959 2737 3027 μὴ
2772 2958 2999 3028 προσῄει

635 3046 779 3111 μηδὲ
809 3045 1114 3113 ἐθεράπευε
1147 3046 1270 3101 τοὺς
1304 3042 1439 3101 νεὼς
1471 3041 1604 3112 μηδὲ
1646 3044 1717 3098 τὰ
1760 3042 2045 3115 ἀγάλματα
2089 3042 2225 3112 μηδὲ
2257 3046 2385 3101 τοὺς
2416 3045 2654 3112 βωμούς,
2703 3046 2878 3097 οἴεταί
2916 3064 2998 3098 τις

634 3129 938 3197 ἀθεότητος
970 3129 1112 3183 εἶναι
1147 3145 1391 3197 σημεῖον,
1438 3129 1536 3183 οὐκ
1583 3128 1773 3199 ὀρθῶς
1815 3133 2052 3198 νομίζει·
2096 3125 2166 3196 ἦν
2198 3130 2303 3199 γὰρ
2340 3125 2499 3184 οὐδὲν
2546 3129 2698 3195 αὐτῷ
2739 3132 2857 3183 τῶν
2885 3148 2997 3182 τοι·

637 3215 835 3277 ούτων,
872 3216 935 3268 οὐ
967 3214 1271 3281 λιβανωτός
1305 3255 1319 3268 .
1357 3260 1369 3274 .
1406 3254 1441 3278 .,
1477 3218 1527 3268 εἰ
1559 3213 1618 3268 δὲ
1650 3216 1795 3270 ἐνόει
1827 3220 1958 3287 περὶ
2000 3218 2159 3269 θεῶν
2193 3217 2381 3288 ὀρθῶς
2414 3214 2565 3286 ἤρκει
2596 3218 2761 3268 τοῦτο
2794 3214 2997 3282 μόνον·

637 3300 774 3369 αὐτῇ
805 3301 912 3372 γὰρ
946 3300 1141 3358 αὐτοὺς
1177 3302 1516 3371 ἐθεράπευσε
1540 3304 1608 3369 τῇ
1630 3304 1791 3369 ψυχῇ,
1826 3298 2002 3358 διδοὺς
2037 3302 2190 3368 οἶμαι
2217 3303 2287 3355 τὰ
2308 3301 2611 3370 τιμιώτατα
2632 3304 2748 3354 τῶν
2783 3302 2996 3359 ἑαυτοῦ,

635 3386 702 3440 τὸ
737 3389 1080 3440 καθοσιῶσαι
1113 3385 1215 3454 τὴν
1249 3390 1445 3440 ἑαυτοῦ
1479 3387 1657 3457 ψυχὴν
1691 3385 1779 3439 διὰ
1813 3392 1930 3440 τῶν
1964 3385 2209 3443 ἐννοιῶν.

810 3473 834 3506 ⁹
867 3474 1028 3544 Diog.
1063 3474 1126 3531 L.
1162 3474 1244 3529 VI
1275 3474 1361 3545 38,
1410 3474 1482 3530 ad
1522 3490 1684 3543 quem
1728 3475 1905 3530 locum
1941 3475 2077 3531 dicit
2111 3475 2359 3544 Bernaye
2402 3475 2442 3530 1.
2477 3492 2523 3529 c.
2570 3490 2695 3529 ann.
2745 3473 2839 3528 16:
2885 3472 3000 3528 Dic

639 3558 858 3631 Malice,
893 3559 1003 3627 ἆαβ
1033 3577 1094 3614 er
1124 3559 1207 3615 im
1247 3559 1462 3630 Tempel
1494 3558 1588 3615 dea
1609 3560 1905 3631 Aeskulap,
1939 3562 2080 3616 statt
2111 3559 2208 3615 der
2238 3558 2641 3630 yewo‘hnlichen
2670 3557 2998 3628 friedlichon

636 3646 854 3718 H'a'lmc,
890 3646 1051 3702 einen
1085 3645 1452 3716 Kampfltalm
1496 3646 1689 3703 weihtc
1724 3690 1737 3703 .
1775 3688 1789 3702 .
1826 3689 1858 3719 .,
1906 3645 2130 3702 welcher
2163 3645 2436 3701 nunmehr
2481 3644 2567 3700 als
2613 3645 2831 3716 heiligen
2870 3643 3002 3700 Tiar

637 3731 967 3802 unbchelli9t
996 3731 1301 3800 umber-liet*
1325 3731 1445 3787 und
1477 3731 1593 3800 auf
1616 3730 1722 3787 den
1754 3733 1975 3803 Betern,
2024 3730 2115 3787 dic
2154 3732 2263 3787 mit
2295 3730 2416 3786 dem
2450 3729 2670 3794 Antlitz
2701 3746 2776 3785 zu
2807 3728 3001 3785 Βοᾶεπ

633 3816 793 3885 ficlen
807 3859 821 3887 ,
866 3817 1200 3885 hemmtrat,
1247 3818 1452 3873 vichtet
1492 3818 1610 3874 sich
1654 3818 1810 3873 mehr
1849 3834 2015 3889 yeyen
2066 3816 2210 3873 dieze
2254 3817 2369 3873 Art
2416 3815 2511 3871 des
2541 3816 2762 3886 Βεΐεηε,
2807 3813 3001 3870 welche

638 3902 913 3974 Diogenes
945 3904 1086 3958 auch
1119 3906 1276 3961 sonat
1304 3903 1599 3960 verhiihnte
1621 3904 1804 3975 (Diog.
1827 3903 2014 3960 Laert.
2037 3904 2121 3960 VI
2141 3903 2248 3974 37),
2284 3902 2371 3958 als
2387 3918 2555 3974 qeye‘n
2585 3901 2691 3957 den
2711 3899 3001 3969 Aeekulap.

812 3989 836 4022 ⁸
870 3989 950 4045 Cf.
986 3990 1146 4061 Diog-
1191 3990 1255 4046 L.
1289 3990 1373 4046 VI
1406 3990 1502 4046 37:
1544 3988 1886 4056 θεασάμενός
1928 4008 2064 4041 ποτε
2096 3999 2322 4057 γυναῖκα
2374 3986 2845 4058 ἀσχημονέστερον
2886 3998 3002 4039 τοῖς

642 4074 796 4129 θεοῖς
827 4079 1282 4145 προσπίπτουσαν
1316 4119 1330 4132 .
1367 4118 1381 4131 .
1418 4115 1432 4128 .
1467 4072 1803 4146 προσελθών
1838 4073 1989 4126 εἶπεν
2002 4092 2016 4107 ·
2064 4072 2201 4135 »οὐκ
2236 4071 2459 4142 εὐλαβῇ,
2494 4066 2543 4126 ὦ
2574 4072 2755 4144 γύναι,
2788 4069 3003 4138 μήποτε

640 4160 781 4211 θεοῦ
813 4156 1018 4212 ὄπιθεν
1051 4160 1282 4216 ἑστῶτος
1315 4191 1385 4203 --
1417 4159 1599 4214 πάντα
1631 4159 1739 4232 γάρ
1772 4160 1920 4212 ἔστιν
1954 4158 2122 4212 αὐτοῦ
2155 4156 2334 4233 πλήρη
2356 4190 2427 4200 -
2450 4155 2923 4225 αἰσχημονῆσῃς,·“

812 4244 837 4279 ⁴
871 4245 1143 4313 Quomodo
1189 4245 1360 4314 Stilpo
1406 4246 1714 4316 Megaricus
1768 4244 2097 4302 iudicaverit
2155 4246 2223 4301 de
2278 4244 2558 4315 precibus,
2618 4242 2868 4301 invenies
2912 4257 3001 4311 ap.
