3509 5067
671 371 758 436 46
1576 367 1848 424 Henricus
1882 368 2128 424 Schmidt
2913 370 3035 460 [46

674 538 931 621 magica
972 539 1042 607 vi
1078 539 1513 624 coniungitur,
1556 539 1712 620 quin
1756 540 1952 605 immo
1997 559 2196 606 unum
2239 540 2542 622 idemque
2586 545 2706 625 est,
2751 538 3036 611 ennead.⁴

667 642 765 709 IV
787 644 846 726 4,
868 644 977 709 38.
1035 640 1248 722 Εὖχαὶ
1286 638 1328 724 ἢ
1371 640 1581 706 ἅπλαὶ
1626 637 1666 724 ἢ
1716 644 1901 727 τέχνη
1945 639 2318 726 ᾀδόμενοι.
2274 644 2299 681 ²
2405 643 2553 710 Illis
2589 646 3034 731 precationes»,

667 743 775 811 his
820 749 1053 811 cantus
1097 744 1337 827 magici
1380 743 1861 828 significantur.

838 848 895 912 P
911 866 948 913 o
963 866 1054 928 rp
1072 846 1175 930 hy
1191 846 1266 913 ri
1282 866 1327 913 u
1342 866 1375 913 s
1431 848 1747 914 horrebat
1806 851 2085 913 cruenta
2127 847 2469 932 sacrificia,
2526 867 2672 915 cum
2717 850 3033 919 victimas

666 948 990 1016 immolari
1047 952 1244 1031 turpe
1307 968 1449 1016 esse
1511 953 1813 1032 putaret,
1885 953 1955 1016 et
2014 969 2214 1017 carne
2266 952 2521 1017 edenda
2579 952 2963 1020 abstinebat
2982 954 3031 1022 ².

667 1051 888 1118 Cultui
929 1070 1059 1118 non
1101 1070 1406 1135 magnam
1449 1052 1584 1121 vim
1614 1051 2033 1120 attribuebat
2054 1054 2097 1136 ⁸,
2141 1071 2270 1119 non
2315 1053 2658 1122 sacrificiis
2701 1058 2774 1122 et
2815 1057 3030 1138 preci-

664 1156 787 1221 bus
817 1172 979 1236 opus
1009 1172 1151 1221 esse
1168 1154 1198 1191 4
1241 1156 1540 1239 putabat,
1571 1157 1688 1222 sed
1716 1155 1906 1222 bonis
1936 1154 2153 1241 factiS,
2190 1156 2334 1223 vita
2363 1175 2548 1239 pura,
2592 1158 2699 1239 pio
2745 1158 2962 1226 animo
2983 1159 3030 1227 ⁵.

663 1256 996 1323 Summum
1038 1256 1431 1324 sacrificium
1487 1262 1590 1324 est
1646 1264 1833 1324 recta
1892 1257 2114 1340 opinio
2159 1260 2422 1325 deorum
2466 1264 2538 1326 et
2581 1260 2839 1327 animus
2883 1261 3029 1328 deis

663 1359 911 1426 similis,
997 1358 1181 1425 Fieri
1223 1378 1411 1442 posse
1442 1359 1621 1438 dicit,
1668 1364 1742 1426 ut
1786 1360 2133 1442 imperitus
2176 1361 2576 1446 adulescenS,
2621 1362 2865 1446 quippe
2910 1364 3023 1444 qui

661 1462 966 1544 opinetur
1009 1463 1163 1529 deos
1205 1462 1531 1529 sacrificia
1588 1462 1814 1547 magni
1874 1462 2244 1547 aestimare,
2309 1468 2502 1547 putet
2560 1465 2689 1532 sibi
2747 1484 3026 1548 peccare

658 1563 894 1649 licere,
975 1583 1121 1631 cum
1181 1565 1505 1632 sacrificio
1575 1569 1836 1648 culpam
1894 1565 2086 1648 quasi
2160 1566 2497 1651 corrigere
2553 1569 2784 1649 possit.
2902 1568 3026 1635 Siu-

661 1673 882 1734 autem
914 1668 1068 1733 deos
1110 1685 1268 1734 vere
1315 1669 1716 1751 cognoverit,
1779 1674 1855 1735 ut
1897 1669 2045 1751 pius
2089 1669 2181 1735 sit
2228 1673 2298 1735 et
2339 1669 2555 1760 iustus
2600 1673 2954 1738 contendet
2975 1671 3023 1738 ⁶.

660 1769 999 1851 Templum
1059 1771 1165 1836 dei
1220 1769 1466 1837 nullius
1535 1771 1635 1837 rei
1698 1770 2063 1854 indigentis
2088 1771 2111 1809 ⁷
2178 1771 2398 1838 anima
2469 1772 2792 1855 sapientis
2851 1778 2956 1840 est
2974 1774 3018 1839 ⁸.

658 1871 887 1953 Neque
930 1877 1153 1938 tamen
1196 1872 1604 1956 Porphyrius
1644 1873 1864 1940 omnia
1907 1873 2165 1940 omnino
2210 1873 2537 1941 sacrificia
2578 1873 3024 1959 improbabat,-

655 1975 848 2041 immo
922 1973 1064 2042 deis
1136 1975 1363 2042 ordine
1428 1975 1714 2044 diversis
1780 1977 2047 2066 diversa
2100 1976 2432 2043 sacrificia
2488 1977 2636 2044 fieri
2712 1978 3023 2046 affirmat.-

656 2077 918 2145 Summo
962 2097 1357 2160 quamquam
1398 2081 1519 2145 deo
1563 2098 1647 2145 ne
1687 2079 1896 2146 oratio
1945 2079 2207 2161 quidem
2267 2098 2437 2161 quae
2481 2082 2812 2166 audiatur,
2868 2101 3015 2148 con-

656 2181 860 2264 venit,
901 2185 1123 2248 tamen
1166 2180 1437 2248 secundi
1485 2181 1734 2249 ordinis
1777 2184 1934 2249 deos
1971 2181 2197 2250 verbis
2241 2182 2543 2251 invocari
2588 2203 2718 2251 non
2761 2189 2953 2252 vetat
2973 2185 3020 2252 ⁹.

830 2317 851 2350 ¹
886 2319 968 2374 IV
1001 2319 1052 2388 4,
1081 2319 1177 2388 263
1213 2318 1281 2373 cf.
1318 2318 1497 2373 Zeller
1530 2335 1583 2387 p.
1618 2318 1737 2389 628,
1778 2317 1836 2388 13
1872 2317 1992 2374 629.

824 2403 848 2435 ⁸
883 2404 966 2459 cf.
1002 2404 1121 2459 eius
1158 2404 1226 2458 de
1260 2403 1595 2459 abstinentia
1626 2403 1722 2458 lib.
1760 2404 1834 2460 11.

826 2489 849 2522 ⁸
883 2490 972 2544 Ad
1004 2490 1314 2545 Marcellam
1361 2505 1443 2558 ep.
1480 2505 1524 2544 ο.
1562 2489 1655 2543 18:
1704 2489 1901 2555 Βωμοὶ
1946 2486 2005 2541 δὲ
2041 2491 2181 2542 θεοῦ
2227 2487 2669 2562 ἱερουργούμενοι
2712 2490 2817 2556 μὲν
2863 2483 3026 2542 οῦδὲν

650 2571 1011 2642 βλάπτουσιν,
1046 2571 1413 2640 ἀμελούμενοι
1448 2571 1506 2625 δὲ
1540 2570 1697 2626 οὐδὲν
1732 2571 2047 2643 ὠφελοῦσιν.

824 2662 849 2694 ⁴
881 2660 1042 2715 Malis
1076 2659 1428 2715 daemonibus
1463 2660 1704 2715 homines
1737 2659 1963 2730 impulsi
1997 2667 2129 2717 sunt
2162 2665 2228 2716 ut
2263 2677 2442 2718 errore
2476 2661 2625 2731 capti
2658 2660 3016 2730 opinarentur

652 2746 780 2801 deos
813 2761 922 2800 non
957 2746 1132 2800 solum
1167 2744 1365 2800 bonum
1415 2746 1511 2801 sed
1557 2746 1761 2801 malum
1809 2746 1915 2801 sibi
1949 2746 2219 2815 tribuere3
2268 2762 2378 2816 qua
2412 2762 2472 2802 re
2505 2745 2643 2801 iram
2688 2746 3014 2815 placandam

651 2846 770 2887 esse
803 2830 1121 2886 caelestium
1157 2830 1435 2886 sacrificiis
1469 2830 1825 2900 precibusque
1870 2832 2115 2887 homines
2157 2831 2473 2888 existimare
2501 2831 2615 2900 ‘(De
2649 2831 2788 2886 abst.
2823 2831 2884 2885 II
2904 2830 3013 2901 40).

820 2916 846 2949 ⁶
879 2917 969 2972 Ad
1001 2918 1164 2972 Marc.
1202 2933 1246 2971 c.
1285 2917 1366 2972 17.
1454 2917 1758 2972 Secundum
1792 2917 2167 2986 Augustinum
2219 2918 2336 2973 Civ.
2372 2917 2439 2973 D.
2476 2918 2529 2971 X
2562 2917 2632 2971 26
2676 2914 3014 2986 Porphyrius

650 3002 718 3058 de
752 3002 966 3071 angelis
990 3002 1233 3058 dixerat:
1271 3001 1585 3057 Imitandos
1619 3018 1731 3057 ease
1756 3003 1955 3072 potius
1977 3019 2144 3071 quam
2167 3002 2515 3071 invocandos,
2553 3003 2624 3057 ad
2647 3019 2809 3071 quem
2831 3003 3009 3058 locum

651 3094 882 3144 annotat
914 3088 1093 3143 Zeller
1120 3088 1211 3142 III
1234 3088 1267 3141 2
1302 3104 1355 3157 p.
1380 3088 1499 3158 665,
1533 3088 1596 3143 8:
1645 3088 1778 3144 Was
1812 3088 2096 3143 mtitrl-ich
2129 3105 2238 3143 von
2271 3088 2376 3143 den
2417 3088 2652 3144 Gb’ttern
2684 3088 2823 3143 noch
2857 3088 3010 3143 mehr

645 3174 824 3245 qclten
863 3177 1008 3240 muss.
1080 3174 1161 3229 Cf.
1198 3174 1268 3229 ad
1303 3174 1465 3229 Marc.
1502 3190 1546 3229 c.
1587 3174 1678 3229 19:
1729 3175 1846 3225 Καὶ
1880 3173 1976 3237 οὐχ
2024 3171 2109 3226 ὅτι
2141 3172 2269 3227 τινὰ
2302 3176 2586 3229 ποιοῦντες
2630 3169 2664 3239 ἢ
2698 3170 3012 3236 δοξάζοντες

645 3263 773 3328 περὶ
806 3261 947 3312 θεοῦ
979 3255 1154 3313 καλῶς
1187 3261 1387 3311 τοῦτον
1413 3262 1671 3326 σέβομεν·
1711 3257 1838 3311 οὔτε
1873 3255 2075 3329 δάκρυα
2109 3263 2201 3311 καὶ
2234 3263 2454 3312 ἱκετεῖαι
2488 3257 2629 3312 θεόν
2664 3260 3012 3330 ὃπιστρέφου·

648 3364 739 3396 σιν
772 3387 786 3400 .
825 3387 838 3401 .
876 3387 889 3401 .
927 3385 940 3397 .
976 3340 1109 3396 ἀλλὰ
1144 3342 1209 3396 τὸ
1247 3346 1450 3397 ἔνθεον
1485 3343 1740 3414 φρόνημα
1777 3341 1950 3401 καλῶς
1985 3342 2325 3414 ἡδρασμένον
2359 3344 2618 3398 συνάπτει
2653 3347 2789 3409 θεῷ.

819 3430 844 3462 ⁶
877 3430 961 3484 De
996 3430 1137 3486 abst.
1172 3431 1236 3485 ΙΙ
1266 3430 1364 3499 60;
1400 3430 1466 3485 ct.
1505 3432 1575 3487 ad
1610 3433 1776 3487 Marc.
1812 3432 1893 3502 11,
1933 3432 2016 3502 16,
2052 3432 2135 3486 17.
2394 3432 2417 3464 ⁷
2450 3433 2538 3488 Ad
2572 3432 2737 3486 Marc.
2774 3448 2819 3486 c.
2858 3430 2939 3484 18.

819 3516 842 3549 ⁸
875 3515 963 3570 Ad
997 3516 1162 3571 Marc.
1210 3533 1255 3570 c.
1294 3515 1387 3571 19:
1440 3518 1539 3567 Σοὶ
1574 3512 1632 3567 δὲ
1678 3512 1862 3589 ὥσπερ
1910 3518 2138 3586 εἴρηται,
2184 3515 2323 3572 νεώς
2355 3518 2462 3585 μὲν
2498 3518 2637 3569 ἔστω
2670 3518 2770 3568 τοῦ
2804 3517 2944 3568 θεοῦ
2976 3514 3012 3567 ὃ

651 3601 711 3652 ἐν
747 3604 836 3653 σοὶ
868 3602 1011 3657 νοῦς.

816 3688 842 3721 ⁹
874 3688 956 3742 De
979 3687 1118 3742 abst.
1144 3688 1203 3741 Π
1224 3685 1309 3755 34,
1334 3686 1402 3741 cf.
1427 3687 1523 3743 37:
1549 3686 1612 3739 ‘0
1630 3689 1736 3751 μὲν
1757 3690 1975 3756 πρῶτος
1998 3686 2131 3742 θεὸς
2154 3685 2445 3754 ἀσώματός
2467 3707 2527 3740 τε
2551 3682 2631 3739 ὢν
2652 3690 2743 3738 καὶ
2763 3686 3012 3751 ἀκίνητος

641 3775 732 3823 καὶ
765 3768 1053 3844 ἀμέριστος
1086 3774 1175 3823 καὶ
1209 3769 1334 3824 οὔτε
1360 3772 1422 3823 ἔν
1443 3792 1553 3823 τινι
1589 3768 1669 3823 ὢν
1706 3770 1819 3824 οὔτ’
1859 3769 2198 3839 ἐνδεδεμένος
2233 3775 2308 3829 εἰς
2330 3772 2545 3833 ἑαυτόν,
2578 3773 2757 3845 χρῄζει
2792 3768 3012 3825 οὐδενὸς

638 3858 755 3909 τῶν
789 3855 1015 3917 ἔξωθεν,
1052 3853 1234 3925 ὥσπερ
1270 3859 1482 3927 εἴρηται
1516 3858 1581 3929 (0.
1616 3858 1705 3927 34)
1741 3900 1753 3913 .
1793 3901 1806 3915 .
1844 3900 1857 3912 .
1905 3871 2022 3913 τοῖς
2055 3855 2113 3909 δὲ
2157 3855 2367 3913 λοιποῖς
2401 3861 2575 3918 θεοῖς,
2610 3859 2692 3922 τῷ
2724 3877 2784 3909 τε
2820 3855 3010 3922 κόσμῳ

639 3946 730 3994 καὶ
761 3956 875 3998 τοῖς
897 3939 1160 3994 ἀπλανέσι
1196 3946 1285 3994 καὶ
1318 3939 1707 4014 πλανωμένοις,
1755 3943 1815 3993 ἔκ
1847 3961 1909 3994 τε
1957 3945 2125 4013 ψυχῆς
2171 3947 2262 3995 καὶ
2307 3945 2556 4011 σώματος
2591 3936 2745 3995 οῦσιν
2790 3941 3012 4010 ὁρατοῖς

638 4030 793 4082 θεοῖς
825 4027 1277 4098 ἀντευχαριστέον
1310 4025 1412 4081 τὸν
1446 4030 1737 4096 εἰρημένον
1770 4028 1984 4099 τρόπον
2016 4028 2105 4081 διὰ
2139 4031 2254 4081 τῶν
2286 4031 2504 4081 θυσιῶν
2536 4031 2653 4081 τῶν
2686 4026 2925 4098 ἀψύχων.
2950 4068 2964 4083 .
2991 4068 3008 4084 .

642 4112 705 4166 τὸ
742 4111 800 4165 δὲ
831 4110 961 4166 ἄλλο
982 4111 1197 4179 πλῆθος
1220 4111 1365 4167 οὕτω
1386 4116 1492 4181 μὲν
1511 4116 1707 4169 κοινῶς
1729 4114 2195 4185 προσαγορεύεται
2216 4116 2299 4180 τῷ
2319 4116 2434 4167 τῶν
2457 4112 2736 4181 δαιμόνων
2759 4109 3009 4178 ὀνόματι,

638 4212 841 4266 πεῖσμα
876 4196 934 4250 δὲ
966 4203 1092 4269 περὶ
1124 4197 1349 4253 πάντων
1393 4200 1650 4252 τοιοῦτόν
1683 4200 1834 4252 ἐστιν
1880 4198 1953 4256 ὥς
1987 4197 2094 4269 ἄρα
2142 4203 2233 4253 καὶ
2264 4195 2561 4266 βλάπτοιεν
2594 4194 2733 4268 (ἂν)
2767 4239 2782 4253 .
2817 4236 2832 4249 .
2869 4239 2883 4252 .
2919 4200 3010 4247 καὶ

637 4281 806 4336 πάλιν
839 4282 1172 4355 εὐεργετοῖεν
1206 4281 1278 4337 ἂν
1310 4283 1438 4340 τοὺς
1473 4283 1647 4349 εὐχαῖς
1679 4304 1741 4338 τε
1771 4283 1969 4341 αὐτοὺς
2001 4289 2092 4337 καὶ
2113 4282 2401 4340 λιτανείαις
2425 4285 2646 4339 θυσίαις
2678 4302 2739 4334 τε
2772 4285 2863 4334 καὶ
2894 4294 3012 4336 τοῖς

635 4366 961 4425 ἀκολούθοις
997 4369 1506 4438 ἐξευμενιζομένους.
