3509 5067
527 376 634 466 69]
875 374 1105 431 Veteres
1139 371 1442 443 philosophi
1476 371 1736 441 quomodo
1772 369 2137 427 iudicaverint
2170 369 2238 424 de
2271 367 2521 438 precibus
2801 369 2887 435 69

532 547 793 613 δέδοται
847 544 1032 629 ἡμῖν,
1090 554 1265 620 πῶς
1322 542 1509 623 οὐχὶ
1552 539 1799 627 αὐτῆς
1856 548 1993 626 τῆς
2046 546 2317 624 ψυχῆς
2372 539 2507 603 καὶ
2565 549 2708 604 τοῦ
2749 550 2888 605 νοῦ

528 647 926 715 ἐπακούει
1009 644 1045 712 ὃ
1112 644 1319 721 θεός
1386 690 1402 709 .
1464 690 1480 707 .
1542 667 1597 718 .,·
1681 642 1837 710 ὅθεν
1912 642 2029 719 τὰς
2103 641 2530 726 πολυφώνους
2598 640 2890 722 γλώσσας

528 751 659 817 οὐκ,
684 750 980 834 ἀναμένει
1021 746 1058 815 ὖ
1102 747 1265 825 θεὸς
1306 749 1614 831 καθάπερ
1658 745 1722 812 οἱ
1749 745 1952 833 ,παρὰ
1995 743 2352 831 ἀνθρώπου
2397 740 2704 830 ἑρμηνεῖς,
2748 743 2888 808 ἀλλ’

529 853 945 935 ἁπαξαπλῶς
974 851 1276 916 ἁπάντων
1316 849 1611 938 γνωρίζει
1636 848 1754 926 τὰς
1796 849 2057 935 νοήσεις,
2099 847 2212 912 καὶ
2246 846 2412 932 ὅπερ
2451 845 2602 931 ἡμῖν
2641 845 2679 929 ἡ
2707 847 2890 933 φωνὴ

531 960 843 1045 σημαίνει,
885 965 1074 1020 τοῦτο
1116 964 1208 1039 τῷ
1248 955 1389 1038 θεῷ
1428 952 1466 1037 ἡ
1510 949 1725 1017 ἔννοια
1769 950 1946 1035 ἡμῶν
1986 950 2173 1015 λαλεῖ
2217 998 2231 1014 .
2266 996 2282 1013 .
2314 1003 2330 1019 .
2374 947 2705 1031 ἔξεστιν
2757 942 2892 1015 οὖν

526 1057 732 1147 μηδὲ
797 1068 1026 1145 φωνῇ
1108 1055 1249 1142 τὴν
1313 1054 1556 1140 εὐχὴν
1633 1057 2247 1141 παραπέμπειν
2319 1056 2888 1139 συντείνοντα,

527 1162 782 1244 μόνον
843 1158 929 1225 δὲ
986 1155 1367 1231 ἔνδοθεν,
1438 1156 1527 1222 τὸ
1583 1154 2157 1237 πνευματικὸν
2216 1166 2380 1220 πᾶν
2438 1153 2559 1233 εἰς
2616 1157 2890 1242 φωνὴν

526 1263 614 1350 τὴ
631 1286 667 1328 ν
705 1287 741 1329 ν
757 1262 947 1349 οητὴ
963 1285 999 1327 ν
1040 1261 1204 1326 κατὰ
1244 1260 1352 1346 τὴν
1394 1259 1886 1346 ἀπερίσπαστον
1926 1258 2095 1345 πρὸς
2133 1258 2243 1324 τὸν
2283 1258 2440 1324 θεὸν
2482 1257 2890 1346 ἐπιστροφήν.

527 1367 762 1434 Strom.
784 1365 920 1433 VH
937 1366 1023 1432 39
1038 1365 1192 1450 (854
1207 1363 1445 1450 Pott.):
1466 1362 1682 1428 Ἔστιν
1707 1356 1821 1428 οὖν
1848 1360 1940 1439 ὡς
1963 1358 2174 1426 εἰπεῖν
2191 1361 2649 1448 τολμηρότερον
2671 1361 2893 1443 ὁμιλία

529 1468 695 1556 πρὸς
736 1466 847 1532 τὸν
903 1466 1061 1531 θεὸν
1116 1465 1154 1550 ἡ
1215 1467 1380 1552 εὐχή,
1433 1464 1582 1529 κᾶν
1636 1463 2260 1552 ψιθυρίζοντες
2317 1464 2473 1551 ἄρα
2522 1464 2733 1553 μηδὲ
2795 1466 2890 1531 τὰ

527 1570 769 1658 χείλη
814 1569 1305 1653 ἀνοίγοντες
1345 1568 1558 1651 μετὰ
1598 1567 2502 1653 σιγῆςπροσλαλῶμεν,
2548 1565 2892 1634 ἔνδοθεν

529 1671 1124 1760 κεκράγαμενῑ.
1211 1671 1785 1755 Hieronymus
1830 1688 2086 1753 quoque
2129 1674 2381 1738 mutam
2408 1671 2706 1754 praefert
2746 1692 2891 1756 pre-

529 1777 854 1844 cationem
919 1773 1150 1859 vocali,
1210 1793 1357 1841 cum
1415 1775 1503 1840 ad
1560 1774 1771 1842 verba
1829 1792 2065 1857 evang.
2118 1775 2356 1840 Matth.
2400 1775 2498 1841 VI
2554 1793 2617 1842 v.
2660 1776 2702 1841 6
2776 1794 2889 1842 an-

528 1883 720 1947 notat
761 1897 929 1961 quae
971 1883 1338 1959 sequuntur
1358 1877 1413 1944 ²:
1458 1876 1599 1941 Hoc
1641 1878 2006 1959 simpliciter
2046 1877 2414 1942 intellectum
2458 1877 2669 1943 erudit
2706 1878 2890 1943 audi·

533 1989 747 2066 torm,
791 1988 862 2045 ut
905 2000 1131 2045 vanam
1176 1980 1406 2045 orandi
1458 1980 1728 2064 yloriam
1770 1980 1999 2062 fuyiat.
2100 1978 2223 2044 Sed
2278 1979 2431 2044 mihi
2489 1980 2729 2045 videtur
2783 1980 2891 2046 hoc

529 2086 733 2166 mayis
789 2103 912 2149 esse
960 2090 1373 2166 praeceptum,
1438 2089 1509 2146 ut
1574 2082 1908 2147 inclusa
1961 2085 2328 2167 pectoris
2391 2085 2890 2168 cogitatione

531 2187 945 2271 labiisque
988 2187 1480 2266 compressis
1522 2204 1764 2249 oremus
1804 2185 2165 2267 Dominum,
2218 2185 2382 2270 quod
2422 2190 2477 2249 et
2519 2186 2774 2251 Annam
2817 2189 2888 2251 in

529 2290 775 2372 Reyum
822 2289 1126 2353 volumine
1151 2288 1370 2369 fecisse
1401 2287 1663 2373 leyimus
1677 2307 1699 2351 .·
1738 2286 1963 2368 Laida,
2001 2290 2225 2372 inquit,
2256 2290 2392 2353 eius
2420 2294 2664 2353 tantum
2697 2310 2888 2354 move-

531 2393 762 2457 bantur
834 2392 894 2476 (I
951 2392 1113 2474 Reg.
1160 2393 1218 2475 1,
1264 2391 1372 2476 13)
1392 2389 1436 2456 ⁸.
1478 2429 1566 2438 —-
1606 2390 1701 2457 Et
1745 2390 2200 2457 Tertullianus
2272 2392 2355 2457 de
2419 2392 2715 2459 oratione
2776 2394 2888 2459 17:

534 2495 779 2560 Sonos
835 2496 1075 2559 etiam
1132 2494 1347 2558 vocis
1398 2493 1811 2558 subiectos
1853 2513 2025 2558 esse
2067 2499 2404 2577 oportet,
2463 2500 2576 2559 aut
2635 2498 2890 2581 quantis

529 2600 783 2663 aitem’is
825 2616 978 2678 opus
1019 2600 1127 2679 est,
1172 2597 1234 2660 si
1269 2615 1388 2679 pro
1429 2615 1577 2660 sono
1614 2595 2012 2660 audiamur?
2095 2594 2275 2662 Deus
2301 2601 2507 2661 autem
2544 2617 2669 2662 non
2711 2600 2885 2679 vocis,

528 2701 638 2766 sed
692 2700 899 2765 cordis
947 2698 1199 2764 auditor
1253 2702 1338 2763 est
1356 2698 1402 2782 ⁴,
1479 2701 1638 2764 sicut
1704 2704 2068 2782 conspector.
2175 2698 2592 2764 Daemonium
2648 2702 2892 2766 oraculi

706 2905 725 2936 ¹
761 2903 1066 2959 Martianus
1092 2903 1314 2971 Capella
1335 2902 1394 2957 Π
1416 2919 1469 2972 p.
1494 2902 1563 2957 50
1586 2902 2003 2973 (Eyssenhardt)
2040 2903 2205 2973 fingit
2222 2903 2591 2975 Philoloyiam
2617 2903 2887 2975 viryinem

531 2989 631 3045 diu
675 2989 976 3045 silentio
1024 2988 1474 3058 deprecatam
1519 2990 1863 3057 veterumque
1919 2987 2037 3043 ritu
2088 2989 2350 3044 vocabula
2408 2989 2675 3059 quaedam
2731 3007 2886 3045 voce

529 3074 789 3131 mentis
821 3073 1266 3129 inclamasse.

702 3161 726 3194 ²
761 3161 951 3230 Migne
985 3160 1189 3215 Patrol.
1225 3175 1327 3215 ser.
1362 3159 1459 3214 lat.
1496 3159 1699 3216 XXVI.

704 3246 726 3278 ³
763 3246 880 3302 Hoe
915 3247 982 3301 de
1017 3247 1131 3302 loco
1166 3245 1331 3301 velim
1369 3246 1613 3301 conferas
1648 3245 1700 3301 S.
1737 3245 1989 3301 Sudhaus
2023 3263 2076 3315 p.
2115 3245 2211 3300 187
2224 3263 2305 3315 sq.

699 3331 726 3363 ⁴
761 3332 843 3387 Of.
870 3331 1124 3401 cyprian.
1151 3332 1218 3385 de
1235 3337 1373 3387 orat.
1393 3331 1533 3387 dom.
1557 3347 1602 3386 e.
1623 3331 1683 3386 2:
1712 3330 1862 3401 Quia
1884 3330 2018 3387 deus
2038 3347 2154 3387 non
2175 3333 2323 3387 vocis
2344 3333 2439 3388 sed
2463 3332 2642 3388 cordis
2663 3332 2888 3388 auditor

532 3433 631 3471 nec
676 3415 1046 3472 admovendus
1092 3418 1175 3471 est
1218 3416 1547 3471 clamoribus
1561 3457 1573 3481 ,
1622 3417 1717 3485 qui
1764 3417 2119 3487 coyitationes
2164 3418 2449 3473 hominum
2493 3417 2653 3474 videt.
2746 3420 2887 3476 Vide

529 3503 583 3559 S.
600 3502 885 3558 Benedicti
908 3502 1121 3558 abbatis
1133 3501 1459 3558 Anianensis
1478 3502 1712 3558 codicem
1732 3503 2049 3572 regularum
2073 3503 2282 3574 (Migne
2297 3505 2503 3560 Patrol.
2526 3521 2628 3561 ser.
2646 3505 2745 3561 lat.
2766 3505 2886 3575 103)

529 3605 583 3657 p.
602 3587 732 3642 619:
768 3587 976 3642 Melius
1001 3630 1013 3642 .
1034 3628 1048 3643 .
1070 3589 1150 3642 est
1164 3586 1322 3642 corde
1341 3602 1499 3642 orare
1519 3604 1644 3642 cum
1672 3587 1895 3643 silentio
1912 3588 2029 3644 sine
2045 3604 2179 3644 sono
2197 3589 2358 3659 vocis,
2377 3606 2544 3659 quam
2561 3590 2693 3646 solis
2708 3590 2887 3645 verbis

531 3673 652 3727 sine
685 3672 904 3728 intuitu
936 3673 1139 3728 mentis
1148 3689 1169 3739 ,·
1214 3673 1350 3741 quia
1392 3689 1507 3729 non
1540 3673 1703 3728 verba
1737 3673 2134 3743 deprecationis
2166 3675 2324 3729 Deus
2357 3675 2611 3743 intendit,
2657 3676 2750 3731 sed
2792 3691 2887 3731 cor

533 3758 745 3813 orantis
780 3757 997 3828 aspicit.
1034 3788 1101 3798 —
1136 3758 1345 3814 Ibidem
1381 3776 1433 3829 p.
1459 3758 1560 3812 692
1596 3761 1685 3829 (ex
1709 3759 2075 3816 admonitione
2099 3760 2288 3817 Sancti
2320 3760 2515 3816 Basilii
2548 3761 2782 3832 episcopi
2816 3762 2886 3816 ad

529 3843 703 3899 filium
741 3843 1131 3913 spiritualem:
1167 3842 1294 3899 Non
1318 3843 1554 3898 clamore
1586 3843 1733 3899 vocis
1769 3844 1955 3900 orabis
1989 3862 2128 3912 eum,
2164 3847 2260 3915 qui
2294 3846 2625 3902 occultorum
2658 3848 2741 3901 est
2772 3863 2887 3918 coq-

530 3928 698 3996 nitor‚
736 3927 830 3983 sed
864 3928 1071 3984 clamor
1106 3927 1286 3984 cordis
1318 3929 1404 3984 tui
1429 3930 1619 3999 pulset
1639 3946 1804 3985 aures
1826 3930 1961 3987 eius.
1996 3962 2068 3971 -
2101 3931 2392 3989 Cassianus
2414 3932 2593 3988 collat.
2617 3932 2699 3987 IX
2721 3949 2765 3989 o.
2789 3933 2885 3989 35:

533 4013 734 4069 G'lauso
769 4030 994 4070 oramus
1030 4013 1184 4081 ostio,
1233 4030 1380 4069 cum
1424 4015 1724 4071 strictis
1772 4015 1997 4072 labiis
2044 4017 2371 4087 omnique
2415 4017 2638 4073 silentio
2681 4019 2887 4089 suppli-

530 4115 720 4155 camus
766 4114 879 4155 non
913 4115 1103 4155 vocwm
1136 4098 1230 4154 sed
1263 4098 1512 4155 cordium
1544 4101 1864 4158 scrutatori.
1933 4102 2007 4157 In
2040 4102 2355 4158 abscondito
2392 4119 2635 4173 oramus,
2669 4104 2885 4175 quando

530 4184 688 4241 corde
752 4187 976 4240 tantum
1034 4188 1090 4240 et
1142 4186 1362 4240 intenta
1422 4190 1600 4241 mente
1646 4187 1949 4258 petitiones
2003 4191 2228 4244 nostras
2277 4189 2380 4244 soli
2421 4189 2729 4260 pandimus
2774 4190 2884 4246 deo.

528 4270 877 4341 Augustinus
908 4271 974 4327 de
997 4271 1099 4327 civ.
1126 4271 1213 4327 dei
1237 4271 1342 4326 XX
1365 4271 1402 4327 8
1422 4271 1642 4328 Domb.:
1679 4273 1878 4343 Meque
1901 4273 2176 4344 gaudente
2198 4277 2253 4329 et
2274 4274 2459 4345 apud
2480 4292 2577 4331 me
2598 4278 2886 4347 ,cratiae

528 4354 624 4410 deo
658 4359 861 4427 agente.
