3509 5067
622 372 704 439 70
1522 330 1792 428 Henricus
1827 373 2072 429 Schmidt
2287 453 2290 455 q
2864 376 2972 463 [70

615 541 838 626 Pythii,
881 542 971 606 Et
1017 547 1291 626 meinent,
1346 544 1569 627 inquit,
1612 543 1912 626 intellego,
1974 549 2030 609 et
2087 564 2214 609 non
2258 545 2598 630 loquentem
2643 548 2908 614 eccaudio
2927 553 2971 617 ².

615 644 740 710 Dei
779 665 965 710 aures
1005 665 1228 710 sonum
1272 649 1669 730 exspectant?
1713 697 1728 711 .
1776 696 1791 712 .
1835 697 1849 712 .
1920 646 2133 728 Quid
2189 647 2548 731 amplius
2602 650 2973 731 referent

619 750 801 832 isti,
860 750 1000 831 qui
1055 748 1376 813 clarius
1433 747 1818 832 adorant,
1888 751 2058 813 nisi
2116 749 2322 831 quod
2372 754 2771 834 proximis
2835 754 2970 830 ob·

617 850 1100 936 strepant22
1187 851 1672 934 Cyprianus
1731 853 1813 918 de
1871 852 2168 919 oratione
2226 853 2552 920 dominica
2596 874 2648 922 c.
2693 858 2763 923 2:
2822 857 2974 923 Non

610 959 849 1039 passim
892 954 1188 1019 ventilare
1222 974 1436 1036 preces
1478 959 1723 1020 nostras
1780 955 2117 1020 inconditis
2174 956 2415 1021 vocibus
2473 977 2582 1021 nec
2618 961 2972 1041 petitionem

618 1056 1169 1123 commendandam
1211 1057 1470 1123 modeste
1503 1057 1655 1141 Deo,
1701 1058 2081 1123 tumultuosa
2121 1059 2483 1140 loquacitate
2524 1062 2757 1126 iactare
2798 1065 2972 1130 staff.

620 1162 691 1228 Μ
710 1159 1057 1228 acarius
1116 1161 1331 1227 homil.
1391 1162 1463 1227 6:
1550 1160 1675 1240 Qui
1731 1160 2030 1225 accedunt
2087 1161 2175 1225 ad
2228 1161 2583 1247 dominum,
2641 1164 2851 1229 debent
2901 1167 2974 1230 in

620 1266 1217 1347 silentio,pace
1246 1267 1315 1328 et
1343 1265 1987 1344 tranquillitate
2015 1265 2272 1329 multa
2298 1266 2973 1353 precesfundere,

621 1387 729 1431 nec
756 1369 852 1431 uti
881 1366 1381 1432 clamoribus
1412 1386 1708 1450 parum
1745 1366 2215 1431 decentibus
2244 1374 2301 1432 et
2327 1369 2686 1450 confusione
2708 1370 2975 1451 pleni-3⁴.

797 1572 818 1603 ²
851 1572 1110 1628 Herodot.
1144 1572 1172 1625 I
1207 1571 1303 1625 47:
1353 1571 1469 1622 Καὶ
1501 1573 1684 1640 κωφοῦ
1718 1575 1935 1637 συνίημι
1971 1570 2060 1624 καὶ
2098 1569 2161 1622 οὗ
2198 1574 2503 1639 φωνεῦντος
2538 1549 2734 1626 ἀκούω..

797 1674 820 1706 ²
855 1675 936 1730 Cf.
955 1674 1247 1730 Cassianus
1262 1674 1439 1729 instit.
1455 1674 1516 1728 II
1534 1673 1617 1743 10,
1654 1674 1749 1743 qui
1767 1675 1917 1729 clara
1939 1690 2068 1730 voce
2091 1680 2403 1744 precantem
2427 1691 2647 1745 peccare
2667 1677 2972 1732 contendit:

628 1760 786 1831 Quod
817 1759 1233 1829 indisciplinato
1267 1758 1501 1828 strepitu
1533 1758 1769 1814 alterius
1803 1776 2021 1829 quoque,
2070 1760 2166 1829 qui
2210 1760 2452 1827 forsitan
2500 1760 2774 1817 intentius
2818 1777 2978 1817 orare

615 1847 822 1918 potuit,
857 1845 1146 1915 intercipit
1179 1861 1414 1900 sensum.
1483 1844 1663 1900 Velim
1696 1846 1941 1901 conferas
1987 1846 2037 1902 S.
2072 1846 2358 1902 Benedicti
2403 1846 2618 1902 abbatis
2650 1847 2978 1904 Anianensis

625 1932 859 1989 codicem
905 1932 1237 2002 regularum,
1283 1930 1352 1985 de
1399 1946 1503 1999 quo
1545 1930 1812 2000 imprimis
1859 1931 1981 2001 egit
2023 1932 2087 1987 L.
2136 1932 2367 1987 Traube.
2463 1932 2602 1988 Nam
2648 1932 2976 1990 Benedictus

624 2035 747 2075 cum
779 2017 1002 2073 hauriat
1036 2032 1066 2071 e
1101 2017 1296 2086 regula
1331 2016 1578 2071 Cassiani
1610 2017 1787 2072 locum
1822 2018 1978 2072 modo
2012 2017 2297 2073 laudatum
2333 2017 2497 2073 affert
2532 2017 2738 2088 (Migne
2772 2019 2976 2074 Patrol.

623 2107 721 2161 lat.
752 2104 889 2168 ¹CIII
932 2119 986 2170 p.
1021 2102 1160 2172 934).
1243 2102 1535 2157 Praeterea
1582 2101 1873 2157 Cassianus
1920 2102 2097 2157 collat.
2146 2103 2227 2157 IX
2274 2119 2317 2159 c.
2364 2104 2459 2158 35:
2512 2103 2671 2159 Cum
2724 2120 2978 2159 summo

625 2194 734 2247 est
778 2188 1122 2244 orandum
1166 2187 1497 2257 silentio,
1545 2203 1660 2242 non
1705 2188 1883 2242 solum
1927 2205 1996 2243 ne
2038 2187 2249 2255 fratres
2295 2189 2578 2244 adstantes
2620 2189 2828 2245 nostris
2862 2206 2979 2244 su-

624 2276 861 2333 surris
895 2275 974 2330 vel
1007 2273 1445 2329 clamoribus
1477 2288 1760 2328 avocemus
1784 2276 1838 2328 et
1860 2274 2147 2329 orantium
2167 2274 2416 2330 sensibus
2438 2274 2830 2345 obstrepamus.
2866 2275 2974 2330 Ad-

624 2365 723 2419 das
758 2361 996 2418 eiusdem
1021 2376 1064 2414 c.
1088 2359 1157 2414 36
1181 2364 1240 2415 et
1272 2359 1449 2415 locum
1485 2358 1806 2415 Caesarii
1842 2360 2323 2430 Arelatensis,
2371 2376 2529 2429 quem
2563 2361 2756 2416 laudat
2791 2361 2976 2430 Migne

623 2450 684 2505 in
717 2447 953 2503 editione
988 2445 1236 2501 Cassiani
1269 2446 1339 2499 ad
1373 2445 1544 2501 verba
1578 2445 1732 2500 modo
1769 2445 2067 2514 exscripta:
2102 2446 2288 2500 Antea
2323 2446 2511 2501 omnia
2543 2445 2734 2517 igitur,
2766 2446 2979 2513 fratres

627 2533 921 2603 carissimi,
969 2530 1245 2601 quoties
1281 2531 1605 2586 orationi
1651 2531 2150 2601 incumbimus,
2201 2548 2348 2586 cum
2381 2531 2684 2588 silentio
2719 2536 2784 2587 et
2826 2533 2978 2601 qui-

628 2623 729 2675 ete
764 2618 1021 2674 mentis
1056 2621 1122 2672 et
1172 2616 1499 2686 corporis
1547 2617 1959 2686 supplicare
2006 2617 2338 2673 debemus.
2426 2619 2745 2688 Quicunque
2789 2619 2982 2673 volunt

630 2722 775 2760 cum
810 2703 879 2758 al
893 2707 963 2759 ta
996 2719 1153 2758 voce
1200 2718 1428 2772 orare,
1479 2701 1731 2757 omnibus
1776 2703 1942 2758 iuoeta
1992 2719 2048 2757 se
2093 2703 2363 2758 stantibus
2410 2704 2681 2759 orationis
2724 2704 2980 2772 fructum

626 2791 882 2847 videntur
916 2788 1154 2857 auferre.

804 2894 826 2925 ³
861 2894 940 2949 Cf.
978 2893 1282 2962 Cyprianus
1329 2892 1395 2946 de
1436 2896 1571 2946 orat.
1619 2892 1760 2946 dom.
1809 2909 1851 2946 c.
1888 2892 1950 2946 2:
1998 2892 2091 2947 Sit
2135 2895 2323 2947 autem
2372 2892 2660 2947 orantibus
2703 2909 2881 2948 sermo
2928 2896 2984 2947 et

620 2979 871 3052 precatio
905 2996 1030 3034 cum
1053 2978 1364 3047 disciplina,
1400 2977 1632 3046 quietem
1666 2977 1950 3032 continens
1972 2981 2027 3032 et
2049 2978 2335 3048 pudorem.
2410 2978 2713 3049 Coyitemus
2746 2995 2846 3033 nos
2880 2979 2980 3034 sub

629 3068 914 3136 conspectu
946 3064 1034 3119 dei
1056 3067 1235 3119 stare:
1261 3063 1592 3133 placendum
1626 3066 1710 3117 est
1730 3062 1937 3118 divinis
1960 3065 2131 3118 oculis
2167 3066 2221 3118 et
2242 3064 2435 3119 habitu
2460 3064 2704 3133 corporis
2733 3066 2789 3118 et
2820 3062 2980 3119 modo

630 3153 787 3208 vocis.
858 3151 1009 3207 Nam
1054 3154 1120 3204 ut
1162 3148 1500 3219 impudentis
1546 3152 1629 3203 est
1671 3149 2005 3205 clamoribus
2050 3152 2299 3220 strepere,
2346 3150 2434 3205 ita
2486 3154 2681 3205 contra
2728 3150 2982 3220 cenyruit

632 3236 927 3293 verecundo
973 3235 1231 3291 modestis
1280 3234 1540 3304 precibus
1586 3250 1763 3291 orare.
1811 3265 1879 3274 —
1925 3235 2243 3291 Ambrosius
2289 3236 2357 3291 de
2415 3236 2666 3305 virginit.
2714 3236 2827 3290 111:
2888 3236 2982 3290 An

632 3324 920 3392 quicquam
953 3321 1242 3391 indi9nius
1276 3322 1367 3389 est,
1406 3336 1569 3389 quam
1605 3320 1832 3375 oracula
1881 3320 2073 3376 divina
2108 3321 2499 3392 circumstrepi,
2547 3339 2618 3377 ne
2652 3320 2979 3392 audiantur,

631 3426 700 3465 ne
722 3408 1033 3473 credantur,
1068 3424 1135 3460 ne
1157 3406 1474 3475 revelentur,
1510 3405 1909 3461 circumsonari
1943 3410 2294 3462 sacramenta
2317 3405 2565 3475 confusis
2597 3406 2815 3463 vocibus
2824 3423 2848 3476 ,·
2882 3410 2985 3461 aut

632 3493 967 3563 impediatur
999 3493 1183 3548 oratio
1219 3508 1330 3562 pro
1362 3492 1543 3547 salute
1577 3491 1893 3562 deprompta
1926 3493 2192 3562 omnium,
2240 3510 2365 3547 cum
2407 3493 2716 3563 gentiles
2763 3492 2985 3548 idolis

631 3580 783 3635 suis
818 3578 1297 3635 reverentiam
1334 3577 1628 3632 tacendo
1664 3577 2038 3645 deferunt?
2070 3609 2139 3618 —
2173 3580 2275 3634 Ad.
2311 3579 2490 3634 Franz
2541 3579 2655 3633 Die
2688 3579 2868 3633 Messe
2901 3579 2982 3633 im

632 3664 920 3721 deutschen
952 3664 1279 3719 Mittelalter
1315 3663 1451 3718 1902
1498 3681 1548 3734 p.
1587 3663 1689 3718 618
1703 3680 1818 3732 sqq.
1864 3664 2059 3720 laudat
2094 3664 2619 3720 Pseudo-Alcuinum
2666 3665 2732 3719 de
2768 3664 2984 3721 divinis

632 3751 821 3807 officiis
855 3767 901 3805 c.
936 3750 1030 3805 40:
1072 3750 1413 3805 Consuetudo
1450 3793 1461 3805 .
1501 3793 1513 3806 .
1551 3792 1564 3804 .
1596 3752 1664 3803 ut
1699 3749 1922 3806 tacite
1958 3750 2103 3805 ista
2138 3750 2537 3806 obsecratio
2573 3752 2781 3819 atque
2828 3766 2985 3804 con-

631 3835 949 3892 secratio
985 3853 1022 3890 a
1057 3836 1419 3891 sacerdote
1455 3839 1805 3891 cantetur.
1876 3836 2028 3890 Idem
2052 3854 2103 3905 p.
2128 3835 2259 3891 625:
2295 3836 2522 3891 Darum
2555 3836 2635 3890 ist
2666 3834 2808 3890 auch
2829 3836 2985 3890 heute

630 3922 769 3977 noch
803 3921 891 3976 die
937 3938 1059 3977 vom
1092 3921 1299 3977 Konzil
1348 3937 1455 3976 von
1512 3922 1707 3976 Trient
1760 3925 2040 3976 erneuerte
2102 3922 2517 3990 Vorschrift
2564 3922 2679 3976 des
2728 3920 2985 3975 stillen

631 4007 888 4064 Betens
922 4006 1036 4061 des
1069 4008 1360 4062 Kanons
1391 4006 1960 4076 zweckentspreclaend.

802 4110 829 4142 ⁴
865 4111 945 4165 Cf.
982 4110 1274 4166 Cassianus
1319 4126 1441 4165 cum
1488 4111 1607 4165 coll.
1642 4111 1724 4164 IX
1760 4111 1828 4165 25
1872 4115 1993 4166 tum
2035 4111 2212 4166 instit.
2257 4112 2318 4165 II
2355 4110 2446 4165 10:
2497 4111 2607 4165 Per
2651 4108 2987 4177 ineffabilem

633 4195 900 4264 quendam
930 4196 1199 4266 qemitum
1245 4213 1312 4251 ea:
1345 4195 1566 4250 intimis
1601 4195 1845 4264 pectoris
1879 4196 1972 4251 sui
2007 4195 2349 4251 conclavibus
2397 4211 2691 4265 evaporare
2736 4197 2985 4261 conatur,

634 4280 727 4350 qui
752 4284 1019 4351 precatur
1053 4298 1132 4351 ea,
1169 4298 1306 4350 quae
1356 4281 1535 4351 ignita
1568 4298 1722 4336 mens
1756 4282 1820 4336 in
1854 4286 2023 4337 semet
2053 4282 2179 4351 ipsa
2213 4299 2325 4337 non
2362 4281 2645 4351 praevalet
2693 4280 2986 4335 continere.

631 4366 818 4422 Etiam
853 4372 1020 4435 atque
1054 4367 1221 4422 etiam
1257 4372 1503 4423 auctores
1538 4367 1825 4422 christiani
1859 4368 2227 4438 postulabant,
2274 4372 2341 4423 ut
2374 4383 2559 4437 preces
2593 4382 2717 4422 cum
2752 4366 2988 4433 silentio,
