3509 5067
715 325 803 391 48
1627 322 1898 378 Henricus
1933 320 2181 378 Schmidt
2962 320 3076 411 [48

719 511 930 560 sermo
987 492 1082 560 sit
1136 492 1397 576 patrius
1419 492 1462 559 ¹.
1556 492 1967 575 Porphyrius
2024 492 2325 573 quamvis
2387 492 2651 561 dubitet
2711 494 2791 560 de
2848 495 3078 562 multis

716 596 936 679 rebuS‚
979 601 1203 662 tamen
1243 594 1315 661 in
1357 593 1738 677 precatione
1782 594 2081 660 sollemni
2121 612 2548 677 perseverare
2605 614 2736 662 non
2796 597 3079 665 desistit.

718 698 853 783 Qui
897 700 1050 765 deos
1079 716 1222 765 esse
1252 701 1504 779 negant
1547 695 1638 782 (οἱ
1664 695 1772 781 τὴν
1811 698 2075 783 πρώτην
2116 693 2437 783 ἀθεότητα
2476 697 2853 783 νοσήσαντες
2870 699 2940 785 2),
2981 700 3079 767 eis

720 800 1017 885 precatio
1061 801 1492 866 emolumento
1537 818 1666 866 non
1710 805 1832 882 est,
1874 799 2083 883 immo,
2127 799 2187 866 si
2218 804 2599 867 constantes
2642 819 2787 868 esse
2829 803 3079 887 volunt,

722 903 1074 987 reicienda,
1118 921 1246 969 non
1292 903 1493 969 aliter
1537 907 1740 984 atque
1787 901 1881 969 eis
1926 903 2056 985 qui,
2113 921 2503 986 quamquam
2548 905 2704 972 deos
2748 923 2896 972 esse
2938 924 3077 972 cre-

723 1008 908 1089 dunt,
936 1010 1161 1073 tamen
1188 1005 1538 1088 providere
1566 1005 1939 1073 hominibus
1967 1024 2097 1073 non
2127 1008 2492 1074 concedunt
2522 1012 2594 1074 et
2621 1006 2739 1090 eiS,
2781 1007 2897 1089 qui
2923 1010 3078 1076 deos

722 1114 797 1176 et
838 1127 984 1176 esse
1029 1113 1101 1176 et
1128 1108 1476 1192 providere
1512 1126 1631 1192 pro
1663 1115 1845 1175 certo
1877 1109 2200 1175 habentes
2227 1109 2445 1176 omnia
2472 1110 2616 1177 fato
2645 1109 2790 1177 fieri
2819 1115 3078 1194 putant.

724 1212 859 1297 Qui
889 1215 1109 1280 autem
1131 1211 1615 1294 providentiam
1638 1230 1783 1279 esse
1805 1211 2105 1278 concedit
2126 1230 2274 1277 eum
2302 1212 2562 1295 precari
2584 1217 2844 1294 oportet
2866 1232 3081 1281 usum-

727 1334 855 1397 que
883 1314 1286 1398 precationis
1330 1333 1690 1396 agnoscere
1710 1312 1753 1380 ⁸.
1840 1314 2065 1396 Ipsum
2096 1315 2349 1382 virtute
2379 1315 2753 1398 praeditum
2797 1320 2869 1383 et
2894 1335 3080 1383 sanc-

726 1423 867 1485 tum
910 1416 1232 1500 imprimis
1289 1417 1549 1500 precari
1607 1419 1815 1493 decet,
1876 1416 2035 1498 quia
2090 1416 2397 1499 precibus
2456 1423 2604 1484 arte
2661 1417 3085 1501 coniungitur

723 1540 874 1587 cum
938 1523 1076 1588 deo.
1202 1520 1333 1604 Qui
1398 1520 1470 1586 in
1542 1519 1829 1587 vinculis
1901 1520 2448 1603 compedibusque
2521 1521 2807 1603 corporis
2874 1522 3084 1590 vitam

727 1624 1160 1692 miserrimam
1203 1623 1414 1691 trahit
1456 1623 1733 1692 virtutis
1776 1627 1996 1707 tenax,
2041 1623 2105 1690 ei
2147 1624 2500 1691 invocandi
2557 1629 2713 1691 sunt
2754 1628 3086 1707 parente8‚

727 1727 841 1794 dei
896 1726 1220 1810 precibus,
1279 1733 1358 1793 ut
1415 1726 1827 1794 consocietur
1892 1745 2038 1793 cum
2112 1726 2369 1808 superis
2389 1726 2433 1793 ⁴.
2536 1726 2748 1812 Quam
2806 1729 2887 1794 ob
2945 1746 3086 1794 rem

730 1849 951 1897 omnes
1008 1829 1343 1913 sapientes
1402 1834 1471 1895 et
1517 1828 1915 1897 Graecorum
1981 1835 2052 1897 et
2110 1830 2388 1897 aliarum
2448 1830 2744 1913 gentium
2809 1829 3087 1913 diligen·

730 1933 984 2000 tissime
1042 1937 1113 2000 et
1170 1931 1556 2015 saepissime
1615 1938 1919 2015 precatos
1979 1951 2124 1999 esse
2188 1932 2478 1999 ostendit
2498 1935 2544 2001 ⁶.
2656 1934 2807 2017 NoS,
2862 1933 3089 1999 mundi

731 2042 980 2119 parteS,
1039 2035 1416 2103 universum
1461 2035 1720 2118 precari
1772 2038 2099 2119 debemuS,
2156 2054 2198 2101 a
2255 2055 2381 2117 quo
2438 2041 2664 2118 partes
2723 2036 3089 2119 perfectum

728 2138 1083 2222 accipiunt,
1140 2139 1285 2206 sive
1329 2138 1559 2221 agitur
1603 2140 1684 2204 de
1724 2138 1979 2206 virtute
2023 2138 2163 2207 sive
2211 2141 2293 2204 de
2332 2139 2521 2205 bonis
2564 2138 2854 2222 corporis
2873 2139 2920 2206 ⁶.

903 2242 970 2307 H
985 2261 1023 2309 e
1037 2262 1073 2308 r
1088 2261 1150 2307 m
1170 2261 1211 2308 a
1226 2263 1263 2308 r
1277 2241 1403 2308 chi
1424 2240 1738 2323 Epicurei
1762 2241 2353 2309 conclusiunculam
2376 2241 2700 2325 fallacem,
2723 2259 2919 2322 quam
2942 2259 3090 2308 con-

733 2350 843 2412 tra
857 2344 1164 2411 Platonis
1185 2346 1393 2413 verba
1415 2345 1580 2411 Tim.
1602 2346 1685 2411 27
1703 2344 1753 2410 C
1772 2344 2069 2428 protulit,
2097 2363 2229 2426 qua
2252 2345 2606 2436 contendit,
2633 2344 2693 2412 si
2712 2344 3092 2427 precatione

734 2466 897 2531 opus
926 2453 1102 2514 esset
1128 2447 1201 2514 in
1229 2447 1528 2515 omnibus
1557 2448 1773 2531 rebuS,
1801 2447 2184 2531 precatione
2212 2446 2415 2514 etiam
2445 2446 2517 2513 in
2536 2446 2917 2529 precatione
2944 2447 3093 2529 ipsa

732 2567 899 2632 opus
922 2568 1064 2616 esse
1089 2550 1129 2633 ⁷,
1160 2550 1569 2633 Porphyrius
1591 2552 1950 2617 secundum
1971 2550 2273 2617 Proclum
2302 2549 2373 2615 in
2395 2549 2559 2616 Tim.
2580 2551 2665 2616 66
2681 2549 2741 2616 Ε
2763 2550 2885 2616 hoc
2907 2551 3093 2616 modo

738 2652 1070 2722 dissolvit:
1100 2649 1251 2716 (Ότι
1282 2650 1397 2716 οὐκ
1426 2649 1675 2737 εἴρηται
1708 2650 1825 2715 ἐπὶ
1852 2650 2047 2715 παντὶ
2074 2653 2411 2736 πράγματι
2439 2652 2573 2716 δεῖν
2600 2650 2924 2732 εὔχεσθαι,
2954 2647 3091 2714 ἀλλ’

734 2753 853 2818 ἐπὶ
895 2756 1137 2831 παντὸς
1167 2753 1329 2842 ὁρμῇ
1357 2757 1771 2838 πράγματος·
1817 2748 1931 2817 ἐπὶ
1952 2756 2303 2838 πράγματα
2328 2753 2444 2837 μὲν
2486 2748 2597 2818 οὖν
2624 2751 2937 2840 ὁρμῶμεν,
2981 2752 3095 2818 ἐπὶ

739 2854 812 2921 δὲ
856 2854 1060 2943 ὁρμὰς
1103 2856 1218 2937 οὐχ
1261 2855 1572 2943 ὁρμῶμεν,
1616 2857 1780 2921 ὥστε
1825 2856 1939 2922 οὐκ
1984 2853 2090 2921 ἐπ’
2134 2855 2407 2943 ἄπειρον
2446 2856 2484 2939 ἤ
2529 2855 2680 2934 ὁδός
2698 2857 2742 2926 ⁸.

909 2961 1209 3028 Summus
1254 2960 1609 3044 Porphyrii
1653 2960 2015 3042 discipulus
2057 2960 2638 3027 Iamblichus⁹
2688 2964 2854 3044 erat,
2911 2960 3099 3027 cuius

736 3064 1055 3131 librorum
1112 3082 1364 3147 paucae
1423 3067 1660 3130 extant
1715 3063 2053 3146 reliquiae.
2168 3063 2256 3130 Ei
2312 3082 2696 3146 persuasum
2752 3068 2857 3131 est
2913 3063 3099 3129 nulla

912 3202 934 3232 ¹
968 3201 1027 3255 O.
1050 3200 1146 3256 33:
1195 3199 1263 3251 Τι’
1293 3195 1351 3250 δὲ
1372 3197 1553 3251 καὶτὰ
1575 3195 1757 3265 ἄσημα
1780 3197 2032 3266 βούλεται
2063 3195 2313 3265 ὀνόματα
2347 3200 2572 3250 καὶτῶν
2606 3196 2831 3264 ἀσήμων
2862 3199 2933 3251 τὰ
2964 3196 3099 3267 βάρ-

739 3290 888 3353 βαρα
953 3286 1041 3354 (cf.
1088 3284 1366 3341 Plutarch.
1443 3284 1511 3340 de
1557 3291 1792 3354 superet.
1850 3302 1904 3355 p.
1952 3284 2139 3340 166B:
2207 3283 2445 3339 Ἀτόποις
2489 3282 2724 3350 ὀνόμασι
2769 3286 2858 3334 καὶ
2902 3282 3101 3350 ῥήμασι

740 3375 1094 3442 βαρβαρικοῖς
1128 3411 1143 3426 .
1180 3411 1194 3426 .
1231 3371 1265 3438 .)
1301 3368 1412 3436 πρὸ
1447 3372 1561 3422 τῶν
1596 3369 1806 3434 ἑκάστῳ
1842 3372 2071 3431 οἰκείων,
2109 3415 2122 3428 .
2160 3413 2174 3426 .
2212 3412 2225 3426 .
2263 3368 2326 3423 οὐ
2349 3369 2455 3439 γάρ
2478 3387 2585 3421 που
2608 3372 2698 3421 καὶ
2721 3367 2751 3422 ὁ
2776 3366 3102 3434 καλούμενος

736 3454 1031 3526 Αἰγύπτιος
1064 3448 1133 3521 ἦν
1165 3457 1248 3520 ’τῷ
1279 3458 1440 3526 γένει.

916 3541 940 3574 ²
975 3542 1057 3598 Cf.
1091 3542 1306 3598 Platon.
1342 3543 1518 3613 Legg.
1553 3542 1715 3597 888Β
1750 3540 1853 3607 τὴν
1885 3541 2055 3594 νόσον
2089 3544 2317 3605 ἔχοντες.

919 3627 942 3660 ⁸
975 3627 1201 3683 Proclus
1246 3628 1306 3682 in
1341 3628 1587 3683 Platonis
1627 3628 1842 3683 Timaei
1887 3628 2271 3683 commentario
2319 3626 2422 3697 (ed.
2458 3627 2523 3682 Ε.
2559 3626 2738 3696 Diehl,
2773 3625 2919 3695 Lips.
2945 3623 3101 3695 1903)

743 3713 1036 3783 Porphyrii
1070 3714 1400 3770 sententiam
1435 3715 1604 3770 refert
1637 3731 1690 3783 p.
1725 3714 1857 3768 64A
1875 3730 1990 3782 sqq.
2026 3744 2093 3754 —
2126 3714 2282 3768 6413:
2304 3710 2454 3764 Ὅσοι
2478 3709 2536 3764 δὲ
2570 3715 2661 3762 καὶ
2683 3709 2825 3762 εἶναι
2847 3714 2938 3761 καὶ
2970 3728 3104 3782 προ-

743 3812 896 3852 νοεῖν
929 3818 1096 3869 φασιν
1130 3797 1325 3854 αὐτοὺς
1358 3804 1449 3851 καὶ
1481 3797 1655 3851 πολλὰ
1688 3802 1805 3852 ’τῶν
1848 3801 2188 3869 γιγνομὲνων
2232 3794 2546 3861 ἐνδέχεσθαι
2591 3799 2680 3848 καὶ
2725 3792 2896 3851 ἄλλως
2944 3797 3105 3858 ἔχειν,

742 3881 902 3939 οὗτοι
952 3889 1044 3938 καὶ
1100 3886 1195 3940 τὰς
1240 3883 1393 3949 εὐχὰς
1438 3885 1658 3941 εἰκότως
1720 3881 2120 3957 παραδέχονται
2164 3888 2254 3936 καὶ
2296 3883 2398 3936 τὸν
2442 3887 2572 3951 βίον
2617 3881 2774 3948 ἡμῶν
2818 3881 3108 3953 ἀνορθοῦν

749 3968 1087 4041 ὁμολογοῦσι.
1396 3971 1420 4003 ⁴
1455 3971 1602 4026 64Β.
1915 3972 1939 4005 ⁶
1972 3971 2098 4025 64Β
2136 3969 2214 4040 (in
2248 3970 2355 4026 fine
2389 3968 2760 4040 paragraphi).

919 4057 944 4090 ⁶
977 4056 1118 4112 640.
1431 4056 1453 4087 ⁷
1487 4074 1539 4112 v.
1575 4072 1743 4126 supra
1777 4073 1829 4126 p.
1865 4056 1950 4111 24.

924 4142 947 4174 ⁸
982 4142 1063 4198 Of.
1101 4159 1237 4212 quas
1272 4142 1652 4199 annotationes
1687 4141 1977 4211 Porphyrii
2011 4140 2191 4197 verbis
2225 4141 2262 4195 l.
2298 4157 2343 4196 c.
2379 4140 2594 4196 addidit
2625 4139 2868 4195 Proclus.

921 4227 947 4261 ⁹
980 4229 1065 4283 De
1111 4228 1473 4284 Theodoro
1508 4228 1799 4284 Iamblichi
1833 4227 2097 4296 discipulo
2132 4227 2268 4281 dicit
2302 4226 2482 4281 Zeller
2514 4226 2604 4281 111
2637 4225 2687 4295 2,
2723 4241 2776 4294 p.
2813 4223 2944 4278 727:
2991 4222 3113 4280 ΖΜ·

750 4311 1008 4383 Reliqion
1040 4313 1271 4368 verhielt
1303 4330 1362 4367 er
1394 4313 1511 4367 sich
1539 4313 1763 4368 c'iknlich
1796 4312 1898 4368 wie
1932 4311 2227 4379 Jamblich,
2262 4326 2322 4366 so
2356 4311 2462 4366 viel
2496 4310 2614 4365 sich
2647 4309 2972 4380 weniyatens
3006 4323 3112 4362 aue
