3509 5067
517 386 625 475 61]
864 387 1091 443 Veteres
1125 364 1428 456 philosophi
1466 386 1729 455 quomodo
1764 385 2130 440 iudicaverint
2164 385 2231 440 de
2267 385 2515 454 precibus
2785 386 2869 453 61

519 559 752 640 quibus
780 557 1079 624 infernae
1110 558 1381 623 umbrae
1412 557 1636 638 procul
1668 556 2041 639 eliciuntur,
2086 574 2246 638 opus
2279 575 2422 623 esse
2451 556 2598 623 luce
2629 556 2873 623 clarius

519 665 637 727 est.
724 661 1048 726 Maximus
1094 659 1338 743 Tyrius
1382 659 1536 725 diss,
1580 659 1745 726 XIV
1791 661 1831 724 2
1876 661 1956 725 de
2002 664 2192 728 antro
2238 660 2517 739 quodam
2560 658 2628 724 in
2672 659 2873 725 Italia

517 763 669 829 sito:
725 761 1041 826 Ἐνταῦθα
1086 759 1121 825 ὃ
1165 760 1465 843 δεόμενος
1503 812 1518 827 .
1566 806 1580 822 .
1628 813 1642 826 .
1710 759 2052 842 εὐξάμενος
2107 757 2601 824 ἀνεκαλεῖτο
2659 760 2876 846 ψυχὴν

517 864 685 929 ὅπου
744 863 819 949 δὴ
875 874 1002 927 τῶν
1060 866 1357 949 πατέρων
1411 858 1451 945 ἢ
1511 862 1741 948 φίλων.
1843 864 2078 930 Horat.
2139 865 2322 949 epod..
2376 864 2578 929 XVII
2639 865 2718 928 77
2735 883 2873 944 sqq.

514 987 711 1050 maga
754 969 835 1033 de
880 985 952 1033 se
982 967 1301 1047 loquitur:
1346 965 1434 1030 Et
1461 967 1606 1046 polo
1645 965 1654 1050 Ι
1693 967 1968 1049 deripere
1996 966 2251 1029 Lunam
2280 966 2608 1030 vocibus
2643 968 2871 1047 possim

519 1072 684 1153 meis,
722 1070 732 1154 Ι
781 1072 1015 1150 possim
1076 1075 1374 1133 crematos
1434 1071 1798 1133 excitare
1856 1074 2145 1133 mortuos.
2247 1068 2432 1136 ovid.
2477 1068 2694 1135 Amor.
2739 1069 2774 1134 I
2818 1070 2878 1151 8,

518 1174 600 1238 17
616 1191 739 1253 sq.:
784 1171 853 1235 E
861 1191 946 1234 vo
964 1178 1091 1234 eat
1130 1173 1406 1255 antiquis
1445 1191 1713 1252 proavos.
1749 1176 2078 1255 atavosque
2127 1172 2432 1251 sepulcris
2469 1170 2478 1254 Ι
2518 1176 2573 1235 et
2613 1171 2871 1235 solidam

517 1275 698 1355 lonyo
740 1275 1020 1337 carmine
1057 1272 1246 1355 findit
1286 1273 1563 1339 humum.
1666 1274 1889 1340 Valer.
1934 1273 2152 1340 Flacc.
2194 1276 2440 1356 Argon.
2483 1274 2519 1339 I
2563 1275 2691 1340 736
2706 1292 2875 1355 sqq..

516 1377 928 1460 Saevoque
990 1381 1217 1440 vocat
1279 1376 1636 1457 yrandaeva
1703 1375 2056 1439 tumultu
2116 1374 2125 1461 Ι
2179 1375 2492 1441 Thessalis
2562 1379 2879 1440 exanimes

490 1522 495 1528 ·
513 1480 737 1542 atavos
764 1497 1141 1559 maynaeque
1171 1481 1444 1559 nepotem
1484 1481 1494 1561 1
1531 1476 1826 1543 Pleiones,
1914 1477 2215 1558 Denique
2244 1478 2585 1544 Lucanum
2623 1478 2719 1544 VI
2749 1478 2876 1544 694

523 1598 1004 1646 commemorem
1049 1579 1223 1646 omni
1283 1581 1469 1646 modo
1513 1598 1828 1645 summam
1857 1598 2089 1661 magae
2119 1597 2343 1647 vocem
2374 1580 2876 1663 significantem,

522 1682 704 1748 cuius
742 1687 1026 1773 penetrat
1066 1731 1083 1746 .
1127 1732 1141 1747 .
1185 1682 1255 1744 in
1303 1681 1580 1745 Tartara
1624 1682 1864 1765 linqua.

686 1784 782 1849 At
839 1782 968 1848 iam
1026 1784 1374 1848 redeamus
1450 1784 1537 1847 ad
1596 1783 1933 1849 tacitas
1999 1801 2317 1864 preces.
2427 1785 2688 1858 Arcano
2733 1784 2878 1850 hor-

515 1887 848 1966 rendoque
911 1884 1176 1951 silentio
1234 1889 1644 1951 murmurata
1701 1904 2038 1969 magorum
2105 1886 2396 1951 carmina
2461 1887 2878 1970 respondent,

515 1989 585 2054 in
617 1987 856 2069 quibus
895 2006 1212 2054 summam
1258 1986 1683 2054 efficientiam
1726 1988 1942 2054 inesse
1973 1987 2420 2070 superstitiosi
2458 1988 2815 2070 opinantur
2835 1990 2877 2053 ¹.

517 2091 704 2174 Quod
734 2093 1222 2156 demonstratur
1250 2089 1472 2158 verbis
1502 2089 1746 2172 Apulei
1777 2091 2281 2173 Metamorphos.
2311 2091 2347 2155 I
2379 2091 2491 2157 10:
2543 2090 2650 2155 Ta
2667 2093 2830 2155 cita
2852 2090 2878 2127 ²

517 2191 943 2257 numinum
987 2192 1438 2257 violentia⁸
1498 2199 1566 2260 et
1608 2193 1867 2259 Lucani
1910 2194 2214 2260 Pharsal.
2263 2194 2361 2260 VI
2404 2195 2549 2276 448,
2594 2194 2708 2274 qui
2750 2195 2877 2256 in-

516 2296 861 2378 fandum
903 2315 1270 2359 murmur
1313 2314 1647 2379 magorum
1693 2301 1763 2362 et
1798 2296 1976 2360 verba
2012 2298 2287 2378 ooyentia
2308 2295 2335 2333 ⁸
2378 2316 2610 2359 numen
2654 2297 2877 2361 eodem

519 2398 660 2465 loco
723 2399 942 2465 habet.
1050 2398 1393 2481 Magorum
1458 2416 1765 2464 susurrus
1824 2399 1955 2465 iam
2020 2398 2089 2464 in
2151 2398 2299 2481 lege
2372 2398 2647 2480 Sullana
2712 2416 2879 2464 com-

517 2505 934 2582 memoratur,
993 2519 1123 2580 qua
1180 2501 1434 2567 scelera
1492 2519 1713 2567 eorum
1749 2500 2096 2568 horribilia
2140 2500 2519 2583 puniuntur,
2575 2501 2738 2567 Inst.
2781 2501 2879 2568 IV

522 2604 620 2686 18,
664 2603 734 2669 5:
794 2601 1035 2666 Eadem
1082 2603 1206 2684 leye
1264 2601 1424 2687 (scil.
1478 2602 1791 2688 Cornelia)
1836 2610 1893 2668 et
1932 2602 2179 2685 venefici
2234 2606 2432 2685 eapite
2472 2603 2877 2685 damnantur,

519 2706 628 2789 qui
665 2705 908 2769 artibus
937 2704 1184 2788 odiosis,
1232 2712 1358 2770 tam
1387 2708 1637 2771 venenis
1663 2707 1756 2770 vel
1796 2708 2182 2771 susurris
2224 2708 2561 2790 maqicis
2603 2706 2880 2770 homines

695 2908 716 2939 ²
750 2908 947 2963 Tacita
978 2925 1261 2979 magorum
1286 2910 1529 2964 carmina
1563 2911 1706 2979 apud
1732 2926 1916 2965 omnes
1937 2911 2159 2979 populos
2184 2909 2558 2964 inveniuntur.
2627 2909 2880 2978 Exempli

519 2995 705 3063 gratia
729 2993 796 3048 cf.
832 2993 1040 3048 Grimm
1077 2994 1350 3048 Deutsche
1382 2994 1720 3065 Mytholoqie
1753 2996 1850 3049 11²
1884 3011 1937 3064 p.
1976 2995 2140 3049 1174:
2187 2994 2275 3049 In
2311 2993 2431 3048 der
2462 2993 2683 3063 Reyel
2727 3010 2876 3047 ver-

524 3079 778 3149 lanqen
815 3079 1034 3149 Seyen
1068 3079 1209 3133 und
1235 3079 1464 3135 Fluch
1501 3079 1887 3150 lispelnde,
1921 3079 2330 3148 flitsternde
2358 3078 2556 3134 Rede.
2626 3079 2741 3133 Hoc
2763 3079 2879 3134 loco

520 3164 715 3222 laudat
747 3164 982 3219 Paulum
1018 3165 1318 3220 Diaconum
1354 3166 1385 3220 Ι
1408 3166 1500 3220 13:
1548 3161 2215 3232 Immurmurantes,
2264 3165 2328 3220 ob
2363 3163 2445 3219 rei
2478 3163 2876 3233 infirmitatem,

527 3248 792 3317 quaedam
825 3248 1016 3318 patria
1049 3249 1212 3305 verba
1246 3257 1303 3306 et
1328 3250 1510 3306 addit:
1548 3252 1673 3306 Das
1695 3268 1813 3305 war
1849 3250 1939 3305 ein
1963 3250 2440 3333 langobardiseher
2462 3249 2879 3320 Seqenssprffuch

522 3334 755 3389 Bartsch
789 3334 970 3404 Sayen
1004 3350 1108 3389 aus
1140 3334 1527 3405 Mecklenbury
1579 3337 1640 3391 11
1672 3353 1724 3405 p.
1763 3335 1893 3390 318.
1950 3334 2093 3391 Uber
2126 3335 2345 3390 Zauber
2389 3335 2508 3390 und
2543 3333 2730 3405 Sagen,
2777 3334 2880 3389 Be·

521 3419 916 3490 eprechwnyen:
963 3419 1076 3474 Die
1119 3420 1309 3475 Worte
1353 3421 1616 3476 werden.
1705 3410 2043 3477 .l⁴autlos
2088 3421 2230 3476 und
2278 3421 2448 3476 ohne
2492 3421 2879 3490 Beweyuny

528 3504 648 3558 der
679 3504 966 3574 Lippen
998 3505 1386 3577 herpesayt.

696 3590 719 3622 ¹
754 3590 953 3645 Vocem
990 3590 1179 3660 tacita,
1215 3607 1380 3660 quam
1415 3590 1641 3661 praebet
1674 3592 1736 3661 F,
1775 3592 2011 3661 optimus
2046 3593 2229 3660 codex,
2265 3597 2325 3647 et
2358 3590 2769 3660 Oudendorpius
2806 3598 2879 3657 et,

523 3674 620 3743 qui
654 3675 977 3730 novissimus
1011 3676 1304 3746 Apuleium
1339 3677 1528 3745 edidit,
1565 3693 1672 3733 van
1697 3678 1792 3732 der
1814 3677 1983 3746 Vliet,
2019 3683 2166 3732 recte
2200 3676 2261 3731 in
2295 3682 2511 3731 textum
2545 3683 2879 3744 receperunt.

523 3759 728 3816 Contra
770 3761 1107 3816 Hildebrand
1153 3761 1291 3816 falso
1335 3762 1555 3831 scripsit
1601 3765 1779 3817 tanta.
1862 3762 2198 3817 Sudhausius
2246 3761 2454 3817 confert
2499 3761 2640 3816 Stat.
2687 3760 2881 3816 Achill.

521 3845 551 3899 I
585 3844 715 3900 815:
757 3845 1038 3900 Tacitis
1070 3862 1192 3915 spes
1226 3846 1423 3902 addita
1456 3847 1660 3917 votis,
1698 3864 1806 3916 quo
1839 3848 1954 3904 loco
1977 3848 2145 3902 codex
2181 3847 2222 3901 C
2251 3846 2391 3901 falso
2425 3846 2651 3915 praebet
2687 3844 2879 3901 tantis.

696 3930 718 3963 ⁸
753 3932 834 3986 Cf.
869 3932 1226 4001 Metamorph.
1260 3933 1350 3987 111
1387 3932 1480 3987 18:
1521 3933 1678 3987 Tunc
1708 3932 1971 4003 protinus
2016 3930 2435 4002 inexpuynabili
2481 3931 2725 4001 maqicae
2770 3930 2880 3985 dis-

520 4015 760 4085 ciplinae
783 4019 1058 4086 potestate
1092 4020 1147 4072 et
1179 4034 1336 4072 caeca
1359 4018 1611 4072 ominum
1645 4021 1958 4072 coactorum
1991 4016 2267 4072 violentia.
2291 4047 2360 4057 -
2381 4015 2704 4086 'Eno'wayxoe
2726 4017 2882 4068 θεῶν

523 4118 557 4156 a
589 4102 864 4158 Ludovieo
900 4102 1053 4158 Fahz
1087 4104 1123 4158 1.
1159 4120 1204 4159 c.
1241 4120 1294 4172 p.
1328 4103 1398 4157 53
1415 4120 1532 4173 sqq.
1579 4108 1949 4174 pertractatus
1984 4110 2085 4158 est.
2167 4102 2250 4157 of.
2296 4101 2575 4158 Dieterich
2621 4101 2882 4157 Abraoeas

522 4187 1657 4258 p.173‚4;10;13;p.175,16.Voci
1705 4187 2009 4256 ἐπάναγκος
2050 4188 2317 4243 finitimae
2354 4195 2484 4244 sunt
2520 4204 2678 4244 voces
2724 4186 2882 4240 κατά-

522 4267 725 4342 deonas,
778 4269 1102 4343 κατάδισμα,
1156 4274 1225 4328 cf.
1273 4275 1340 4331 R.
1386 4275 1664 4331 Wuensch
1720 4273 1874 4329 Neue
1927 4272 2309 4341 Fluohtafeln,
2360 4275 2499 4329 Mus,
2552 4274 2726 4329 Rhen.
2778 4273 2879 4329 LV
