3509 5067
741 369 825 434 32
1649 365 1922 420 Henricns
1957 364 2201 419 Schmidt
2986 366 3097 456 [32

740 557 931 621 quem
990 537 1265 619 scripsit
1324 539 1406 604 de
1450 536 1923 618 superstitione
1944 537 1988 619 ¹,
2047 536 2397 602 stultorum
2458 535 2788 604 hominum
2845 540 3096 605 cult-um

740 641 980 707 irridet
1000 640 1043 706 2.

908 744 1150 810 Preces
1210 742 1398 824 vulgi
1474 741 1722 809 Seneca
1780 740 2122 822 vituperat
2188 739 2508 821 simulque
2569 740 2898 809 meliorem
2950 763 3095 826 pre-

740 846 935 912 candi
992 846 1251 912 modum
1307 842 1657 927 significat,
1716 862 1814 925 ep.
1861 842 1959 925 10,
2002 844 2076 909 4;
2154 841 2449 907 Votorum
2521 850 2771 909 tuorum
2829 851 3096 911 veterum

741 949 875 1014 licet
917 948 1047 1013 deis
1086 948 1363 1029 qratiam
1403 946 1627 1028 facias,
1684 945 1818 1009 alia
1859 945 1939 1009 de
1994 947 2234 1029 inteyro
2284 947 2526 1028 suscipe
2547 946 2605 1013 ⁸:
2664 967 2819 1029 roya
2876 948 3097 1013 bonam

742 1055 997 1115 mentem
1015 1050 1060 1129 4,
1106 1049 1325 1113 bonam
1354 1047 1767 1113 valetudinem
1805 1049 2024 1131 animi,
2052 1047 2275 1112 deinde
2302 1055 2449 1112 tune
2477 1052 2770 1134 corporis.
2863 1050 3101 1130 Quidni

740 1158 810 1217 tu
851 1155 977 1217 ista
1017 1158 1153 1216 vota
1197 1171 1378 1233 saepe
1416 1152 1629 1232 facias
1645 1149 1679 1214 .9
1766 1150 2087 1215 Audacter
2130 1150 2314 1215 deum
2354 1172 2536 1237 roya:
2595 1152 2759 1217 nihil
2796 1152 2983 1218 illum
3025 1153 3101 1218 de

741 1255 945 1320 alieno
974 1262 1314 1339 royaturus
1354 1274 1431 1319 es.
1516 1253 1659 1320 Hoc
1699 1253 1916 1336 igitur
1957 1253 2096 1319 loco
2128 1253 2378 1320 Seneca
2419 1273 2647 1336 preces
2681 1274 2809 1321 non
2840 1254 3099 1323 omnino

742 1358 1090 1441 improbat,
1120 1362 1193 1424 at
1221 1357 1429 1425 solum
1450 1374 1712 1440 pravas,
1741 1357 1931 1422 bonis
1962 1360 2183 1422 autem
2208 1362 2281 1422 ut
2310 1360 2589 1423 utantur
2610 1358 3101 1439 precationibus

740 1461 1033 1528 homines
1079 1461 1473 1526 adhortatur
1502 1460 1539 1543 ξ
1569 1459 1642 1526 5:
1692 1458 1795 1523 Sic
1832 1460 1958 1523 vive
2000 1478 2141 1523 cum
2178 1458 2547 1543 hominibus,
2592 1466 2911 1546 tamquam
2952 1461 3102 1526 deus

740 1563 958 1647 ⁴videat,
1001 1565 1091 1628 sic
1135 1563 1381 1647 loquere
1424 1581 1564 1626 eum
1606 1560 1737 1644 deo,
1782 1568 2103 1646 tamquam
2143 1560 2417 1627 homines
2469 1562 2753 1629 audiant.

914 1666 1141 1733 Etiam
1185 1668 1266 1732 de
1294 1664 1599 1749 precibus
1631 1663 1930 1730 exitiosis
1974 1664 2143 1731 bene
2173 1664 2363 1730 nobis
2408 1664 2581 1732 notis
2621 1665 2874 1733 Seneca
2901 1685 3102 1750 saepe

744 1768 1051 1852 loquitur,
1096 1788 1195 1850 ep.
1225 1769 1327 1851 22,
1360 1770 1471 1834 12:
1515 1766 1787 1851 Emerge
1814 1766 1904 1831 ad
1931 1766 2245 1831 meliorem
2285 1768 2470 1831 vitam
2511 1769 2799 1852 propitiis
2841 1769 2959 1854 dis,
2998 1768 3104 1833 sed

745 1891 874 1936 non
914 1873 1019 1954 sic,
1061 1871 1360 1956 quomodo
1390 1871 1526 1935 istis
1563 1871 1825 1953 propitii
1848 1874 2014 1953 sunt,
2061 1869 2288 1954 quibus
2330 1869 2483 1934 bono
2525 1891 2601 1934 ac
2642 1870 2899 1953 beniyno
2938 1872 3105 1936 voltu

747 1975 917 2039 mala
959 1973 1291 2059 maqnifica
1336 1972 1702 2055 tribuerunt,
1746 1971 1834 2037 ad
1858 1972 1967 2036 hoe
1996 1992 2198 2036 unum
2242 1974 2531 2056 excusati,
2576 1972 2741 2058 quod
2781 1976 2902 2038 ista
2945 1994 3106 2059 quae

747 2084 962 2160 urunt,
1007 2096 1164 2161 quae
1207 2077 1584 2158 excruciant,
1628 2074 1977 2155 optantibus
2032 2074 2183 2139 data
2226 2081 2392 2143 sunt.
2477 2076 2816 2143 Acerrime
2858 2077 3104 2143 stultas

745 2179 1120 2262 optationes
1164 2179 1269 2245 his
1315 2180 1701 2245 condemnat
1743 2176 1966 2246 verbis
2011 2178 2118 2262 (de
2156 2184 2416 2260 tranqu.
2460 2198 2563 2245 an.
2609 2179 2748 2265 23):
2799 2178 3106 2264 Quicquid

745 2284 950 2366 optavi
1017 2283 1418 2347 inimicorum
1489 2282 1958 2345 exsecrationem
2009 2286 2180 2364 pute.
2297 2282 2394 2347 Et
2463 2283 2545 2348 de
2615 2281 2923 2365 precibus
3001 2300 3100 2349 eo-

747 2405 908 2468 rum,
967 2385 1201 2467 quibus
1256 2403 1374 2450 nos
1433 2382 1751 2450 carissimi
1810 2401 2049 2467 sumus,
2106 2383 2283 2450 idem
2337 2384 2547 2450 sentit
2591 2390 2792 2465 atque
2834 2383 3105 2451 Persius

748 2488 820 2554 II
881 2489 961 2554 31
981 2507 1119 2568 sqq.
1231 2485 1415 2553 Dicit
1482 2486 1655 2551 enim
1728 2485 1979 2552 Seneca
2066 2504 2167 2567 ep.
2231 2487 2347 2570 31,
2414 2487 2614 2552 2—3:
2698 2485 2980 2562 Surdum
3053 2493 3108 2551 te

748 2590 1203 2655 amantissimis
1246 2590 1375 2653 tuis
1413 2595 1679 2671 praesta,
1725 2588 1880 2651 bono
1923 2590 2136 2652 animo
2179 2588 2349 2652 mala
2386 2593 2741 2672 precantur.
2790 2595 2850 2653 et
2887 2590 2951 2653 si
2985 2609 3108 2653 esse

749 2694 843 2757 vis
880 2692 1057 2776 felix,
1116 2692 1256 2757 deos
1297 2712 1411 2756 ora
1458 2712 1534 2755 ne
1593 2690 1748 2773 quid
1803 2691 1914 2755 tibi
1969 2711 2044 2755 ea·
2099 2690 2198 2756 his
2255 2710 2413 2773 quae
2470 2698 2797 2775 optantur,
2857 2693 3109 2758 eveniat.

751 2794 896 2860 Non
940 2800 1090 2861 sunt
1131 2796 1253 2859 ista
1299 2794 1456 2858 bona
1477 2793 1503 2831 ⁶
1548 2792 1729 2877 (sunt
1771 2793 1944 2859 enim
1987 2794 2161 2860 bona
2205 2793 2538 2881 corporis),
2595 2814 2752 2876 quae
2794 2796 2867 2858 in
2911 2801 2968 2859 te
3000 2796 3110 2860 isti

927 2964 949 2997 ²
981 2964 1162 3020 Huius
1207 2963 1414 3034 dialogi
1448 2963 1799 3033 Augustinus
1814 3005 1827 3031 ,
1864 2963 1931 3018 de
1966 2964 2070 3019 civ.
2106 2963 2210 3018 Dei
2243 2963 2324 3018 VI
2360 2980 2404 3017 c.
2440 2963 2511 3017 10
2545 2964 2629 3033 (fr.
2664 2962 2732 3016 31
2755 2980 2872 3032 sqq.
2907 2964 3107 3033 Haase)

750 3051 1104 3107 summarium
1138 3050 1294 3106 nobis
1327 3049 1573 3105 tradidit.

926 3137 949 3169 ²
984 3135 1066 3190 Of.
1101 3142 1215 3191 nat.
1240 3141 1449 3203 quaest.
1475 3135 1557 3190 IV
1578 3135 1627 3205 6,
1671 3150 1778 3202 quo
1813 3134 1929 3189 loco
1965 3134 2260 3190 stultitiam
2297 3135 2470 3190 iocose
2498 3134 2559 3189 in
2590 3134 2888 3189 ludibrium
2922 3133 3107 3190 vertit.

928 3220 951 3254 ⁸
985 3221 1066 3275 cf.
1109 3237 1192 3289 ep.
1227 3221 1312 3290 20,
1346 3220 1410 3275 8:
1456 3220 1590 3274 Huc
1623 3236 1746 3290 erqo
1796 3218 2154 3288 cogitationes
2200 3222 2328 3273 tuae
2376 3218 2618 3286 tendant,
2667 3217 2767 3274 hoc
2812 3235 2964 3286 cura,
3014 3218 3112 3275 hoc

754 3311 900 3377 opta,
935 3305 1126 3361 omnia
1160 3305 1279 3360 alia
1312 3307 1438 3360 vota
1472 3304 1567 3360 deo
1601 3304 1950 3373 remissurus,
1986 3307 2054 3358 ut
2086 3307 2371 3358 contentus
2404 3304 2484 3358 sis
2521 3307 2682 3360 temet
2714 3304 2833 3373 ipse
2866 3307 2922 3358 et
2954 3320 3024 3359 eae
3059 3308 3109 3358 te

754 3390 1113 3447 crescentibus
1147 3390 1317 3460 bonis.

927 3476 952 3509 ⁴
987 3478 1140 3532 Bona
1185 3492 1340 3532 mens
1384 3476 1514 3545 quid
1563 3476 1638 3532 sit
1686 3476 1822 3531 dicit
1868 3492 1950 3545 ep.
1989 3475 2084 3530 16:
2136 3475 2607 3530 Perseverandum
2660 3478 2744 3529 est
2785 3478 2842 3530 et
2889 3472 3114 3530 assiduo

650 3567 667 3578 ⁸
753 3562 942 3619 studio
974 3561 1146 3617 robur
1180 3561 1506 3629 addendum,
1543 3561 1711 3617 donec
1744 3561 1889 3616 bona
1923 3577 2075 3615 mens
2108 3560 2200 3627 sit,
2237 3559 2380 3629 quod
2414 3559 2556 3615 bona
2587 3560 2845 3615 voluntas
2878 3562 2976 3615 est.

926 3650 952 3682 ⁶
987 3649 1138 3716 Quae
1172 3649 1240 3703 de
1273 3648 1429 3703 bonis
1463 3647 1698 3703 senserit
1729 3646 1947 3718 Seneca,
1983 3662 2051 3703 ex
2073 3646 2160 3702 his
2194 3645 2327 3702 locis
2361 3662 2677 3717 cognosces:
2713 3663 2797 3716 ep.
2826 3645 2911 3715 66,
2934 3645 2970 3700 5
3002 3644 3116 3701 tria

755 3734 913 3791 varia
944 3735 1088 3790 bona
1109 3733 1544 3802 distinguuntur,
1573 3732 1809 3801 corporis
1842 3731 1997 3787 bonis
2022 3748 2130 3788 non
2152 3731 2473 3803 nominatis3
2509 3748 2593 3801 ep.
2617 3732 2702 3801 71,
2724 3733 2786 3785 4:
2823 3730 3115 3786 Summum

757 3821 961 3877 bonum
1007 3822 1102 3888 est,
1154 3818 1295 3889 quod
1341 3818 1627 3873 honestum
1651 3821 1771 3873 est.
1820 3821 1875 3873 et
1917 3817 2064 3888 quod
2106 3817 2286 3890 maqis
2332 3816 2657 3873 admireris:
2700 3833 2880 3872 unum
2913 3816 3116 3872 bonum

757 3910 854 3974 est,
889 3904 1034 3976 quod
1057 3905 1340 3960 honestum
1363 3907 1474 3959 est:
1509 3907 1689 3959 cetera
1706 3902 1863 3970 falsa
1885 3907 1941 3959 et
1968 3902 2291 3959 adulterina
2315 3903 2457 3958 bona
2478 3904 2627 3972 sunt3
2663 3918 2748 3971 ep.
2773 3901 2857 3971 71,
2878 3901 3114 3956 32—33:

765 3992 885 4047 Cito
921 3990 1021 4046 hoc
1057 3993 1246 4061 potest
1276 3988 1429 4044 tradi
1463 3993 1521 4045 et
1554 3987 1921 4060 paucissimis
1965 3989 2174 4045 verbis:
2218 4006 2397 4044 unum
2444 3988 2645 4042 bonum
2691 4002 2801 4041 esse
2838 3985 3114 4050 virtudem,

759 4076 975 4138 nullum
1019 4078 1162 4131 certe
1196 4075 1315 4130 sine
1362 4076 1568 4130 virtute
1605 4118 1618 4131 .
1656 4117 1670 4131 .
1707 4115 1737 4146 .‚
1789 4091 2080 4145 corporum
2126 4077 2310 4130 autem
2357 4073 2500 4127 bona
2551 4070 2867 4141 corporibus
2900 4068 3117 4139 quidem

760 4160 904 4218 bona
936 4164 1083 4231 sunt,
1133 4160 1227 4216 sed
1271 4161 1337 4215 in
1386 4163 1563 4217 totum
1612 4177 1726 4216 non
1772 4164 1911 4216 sunt
1951 4160 2109 4215 bona.
2187 4160 2268 4216 cf.
2317 4175 2400 4229 ep.
2450 4158 2533 4228 72,
2569 4158 2630 4226 73
2678 4156 2761 4227 74,
2798 4156 2847 4226 1,
2893 4154 3116 4227 10-11,

760 4247 992 4317 16—173
1029 4247 1114 4317 76,
1150 4247 1216 4317 73
1252 4247 1337 4317 87,
1373 4247 1470 4318 21;
1505 4248 1574 4303 de
1607 4247 1729 4303 vita
1764 4247 1928 4303 beata
1962 4248 2012 4316 4,
2046 4246 2109 4316 23
2165 4246 2233 4301 ad
2267 4245 2430 4300 Helv.
2464 4248 2627 4299 matr.
2678 4242 2744 4298 de
2790 4257 2933 4299 cons.
2965 4241 3017 4312 5,
3053 4241 3116 4310 63

759 4333 828 4389 de
861 4348 1013 4403 prov.
1048 4333 1099 4403 3,
1136 4334 1196 4402 13
1233 4333 1282 4403 6,
1320 4333 1369 4403 1,
1405 4334 1569 4403 3-53
1605 4338 1722 4389 nat.
1757 4336 1972 4401 quaest.
2006 4332 2176 4402 praef.
2213 4329 2434 4385 13—18.
