3509 5067
532 359 640 448 53]
883 359 1111 414 Veteres
1146 357 1450 428 philosophi
1487 358 1748 426 quomodo
1783 357 2150 414 iudicaverint
2184 359 2251 415 de
2284 358 2533 429 precibus
2805 360 2891 427 53

531 532 713 596 recte
755 535 1149 611 precaturus
1194 528 1416 596 facere
1463 529 1722 611 debeat,
1767 530 2057 595 ostendit
2087 529 2277 596 65D:
2328 528 2437 595 dei
2480 528 2538 595 si
2583 528 2891 611 placandi

530 636 700 716 sunt,
742 632 812 699 in
858 633 1074 699 animo
1119 632 1349 699 divina
1409 649 1587 697 mens
1646 630 2001 698 excitanda
2045 636 2164 715 est,
2221 649 2349 697 non
2394 633 2780 697 cessandum
2826 631 2890 698 ei

530 739 636 801 est
679 754 722 801 a
765 735 950 802 cultu
1009 736 1291 800 deorum.
1376 734 1697 818 VirtuteS,
1742 752 1907 815 quas
1957 732 1995 816 ἦ
2037 737 2276 815 γένεσις
2318 752 2446 800 11011
2490 733 2890 817 inquinavit,

532 838 597 903 ei
638 838 969 919 praesidio
1013 841 1200 918 sunt;
1244 835 1494 917 triplici
1535 836 1655 902 illa
1699 836 2048 919 qualitate,
2106 836 2251 919 fide,
2309 836 2616 920 veritate,
2672 855 2891 903 amore

530 957 692 1022 opus
737 944 859 1023 est,
905 940 1142 1006 deinde
1185 957 1298 1021 spe
1343 957 1596 1020 quoque
1638 939 1826 1020 boni;
1870 938 2176 1021 spiritum
2220 937 2516 1006 divinum
2561 938 2891 1021 pertinaci

532 1042 749 1108 animo
795 1041 1140 1123 complecti
1186 1059 1332 1107 enm
1373 1043 1562 1107 decet
1607 1045 1811 1122 atque
1856 1059 1929 1108 se
1971 1040 2308 1107 continere
2353 1041 2436 1107 ab
2488 1040 2663 1107 omni
2707 1041 2890 1107 cultu

532 1144 798 1211 usitato.
884 1144 1104 1211 Solum
1150 1162 1296 1210 cum
1335 1145 1453 1210 deo
1485 1143 1900 1210 coniunctum
1936 1161 2081 1209 esse
2113 1161 2258 1209 eum
2290 1146 2570 1226 oportet,
2615 1145 2891 1220 dedecet

533 1250 604 1311 et
632 1265 778 1312 cum
808 1247 1010 1330 vulgo
1040 1265 1112 1313 se
1154 1246 1553 1327 coniungere
1582 1252 1652 1312 et
1680 1264 1826 1311 cum
1850 1263 1977 1311 uno
2008 1250 2077 1311 et
2106 1264 2405 1327 supremo
2435 1247 2556 1311 deo
2572 1245 2616 1312 1.
2702 1245 2891 1328 Quod

533 1348 646 1430 qui
674 1347 856 1433 facit,
896 1367 937 1415 a
966 1367 1037 1415 se
1072 1350 1265 1415 deum
1296 1347 1549 1416 alienat
1569 1348 1612 1414 ².
1699 1347 2091 1414 Accuratius
2122 1366 2363 1415 causae
2391 1351 2891 1431 pertractantur

530 1450 998 1532 precationum.
1062 1447 1287 1515 Αἰτίαι
1315 1452 1654 1536 ποιητικαί
1680 1457 1837 1517 sunt
1868 1452 2132 1522 deorum
2160 1449 2341 1517 vires
2372 1455 2441 1516 et
2472 1449 2890 1532 efficientiae,

532 1571 702 1634 quae
748 1555 833 1624 ad
878 1555 1033 1619 deos
1077 1553 1296 1619 omnia
1341 1555 1685 1621 advocant.
1772 1552 1854 1618 In
1888 1570 2157 1618 numero
2195 1552 2390 1633 quasi
2434 1569 2889 1634 corporearum

530 1673 746 1721 rerum
771 1655 798 1693 3
841 1655 1046 1721 habet
1088 1654 1280 1739 signa
1334 1656 1684 1738 verbaque,
1742 1673 1915 1735 quae
1958 1654 2341 1724 aedificator
2399 1654 2622 1720 mundi
2663 1671 2888 1735 preca-

530 1756 696 1823 tioni
755 1756 1087 1841 attribuit,
1147 1761 1223 1823 ut
1281 1757 1396 1842 eiS,
1455 1757 1569 1838 qui
1624 1752 1838 1833 αἰτίας
1898 1757 2196 1837 aliasque
2256 1756 2518 1824 divinas
2575 1774 2684 1823 res
2744 1774 2890 1823 esse

532 1861 892 1943 crederent,
935 1861 1009 1926 in
1053 1860 1428 1927 memoriam
1472 1861 1821 1926 reduceret
1839 1861 1884 1925 ⁴.
2349 1847 2355 1852 ’

702 1962 966 2031 Genera
1035 1962 1491 2045 precationum
1562 1962 1831 2031 diversa
1896 1966 2052 2028 sunt
2118 1963 2469 2027 secundum
2542 1979 2751 2044 genus
2819 1966 2890 2027 et

533 2064 819 2146 speciem
865 2067 1150 2150 deorum,
1187 2083 1349 2147 quos
1393 2064 1690 2131 homines
1729 2064 2105 2146 implorant.

852 2185 904 2250 I.
950 2183 1098 2269 εὐχὴ
1136 2180 1554 2270 δημιουργική

819 2287 907 2354 Π.
952 2285 1100 2372 εὐχὴ
1142 2288 1507 2373 καθαρτική

787 2390 909 2455 ΙΠ.
956 2388 1106 2475 εὐχὴ
1153 2388 1548 2474 ζῳοποιόςῦ.

702 2507 909 2574 Primi
981 2509 1245 2592 generis
1320 2510 1616 2591 precatio
1671 2508 2097 2575 inferioribus
2156 2507 2298 2573 deis
2358 2506 2632 2573 offertur
2646 2556 2662 2589 ,
2728 2524 2890 2587 quos

530 2610 966 2694 demiurgicos
1037 2611 1333 2693 appellat
1347 2660 1362 2685 ,
1444 2615 1513 2676 et
1587 2615 1694 2677 est
1751 2631 1805 2677 e.
1864 2630 1929 2694 g.
1992 2613 2074 2677 de
2143 2609 2464 2676 imbribus
2526 2614 2595 2676 et
2652 2608 2898 2677 ventis.-

532 2711 815 2778 Secundi
859 2713 1106 2779 ordinis
1149 2713 1643 2795 precationibus
1690 2718 2003 2780 arcentur
2045 2712 2431 2796 pestilentia
2475 2716 2546 2778 et
2587 2729 2711 2795 reS,
2749 2711 2890 2792 qui-

531 2815 656 2881 bus
697 2814 989 2881 homines
1033 2815 1467 2898 maculantur,
1512 2834 1658 2882 cum
1701 2815 1895 2882 tertii
1938 2814 2184 2881 ordinis
2233 2813 2727 2896 precationibus
2771 2832 2890 2879 nu-

533 2915 710 2982 mina
737 2922 1145 3002 moveantur,
1174 2936 1343 2999 quae
1375 2918 1692 2985 animalia
1720 2918 1906 2985 nasci
1935 2921 2006 2983 et
2034 2922 2258 2983 terrae
2285 2915 2513 2999 fruges
2543 2915 2892 2998 provenire

531 3019 781 3086 iubent.
870 3019 1056 3105 Quae
1093 3021 1507 3102 precationes
1551 3040 1680 3087 non
1742 3020 2045 3093 efficaces
2089 3025 2260 3102 sunt,
2325 3018 2455 3085 nisi
2498 3020 2893 3086 observatur

532 3123 688 3187 ordo
730 3122 1184 3204 precationum
1203 3122 1247 3189 ⁶.
1673 3182 1679 3187 .

702 3224 1026 3308 Precatio,
1073 3244 1204 3306 qua
1267 3225 1470 3291 animi
1513 3225 1694 3291 salus
1754 3243 1798 3290 a
1841 3224 1944 3290 dis
1989 3224 2263 3308 petitur,
2322 3222 2554 3290 summi
2613 3227 2718 3304 est
2762 3241 2891 3289 mo-

532 3326 739 3392 menti
784 3330 856 3392 et
899 3326 1200 3409 superior
1243 3327 1640 3410 precatione,
1685 3345 1818 3407 qua
1861 3327 2175 3393 valetudo
2220 3326 2489 3408 petitur.
2588 3323 2892 3391 Infimum

535 3432 757 3494 antem
785 3428 996 3494 locum
1019 3447 1104 3495 ea
1127 3429 1418 3510 precatio
1448 3434 1650 3511 tenet,
1680 3447 1849 3509 quae
1870 3430 2186 3496 bonorum
2209 3429 2499 3511 corporis
2523 3445 2725 3494 causa
2751 3426 2831 3492 fit
2852 3425 2897 3493 ⁷.

534 3530 867 3613 Homines,
897 3530 966 3596 in
997 3531 1233 3612 quibus
1257 3533 1638 3617 σωφροσύνη
1669 3536 1776 3598 est
1804 3550 2098 3612 veraque
2126 3550 2342 3597 rerum
2364 3529 2738 3598 divinarum
2768 3528 2892 3594 sci-

533 3732 806 3786 66Α-66
815 3734 878 3789 Β.
961 3733 1211 3803 Quinque
1257 3734 1586 3803 precationis
1627 3735 1851 3804 gradus,
1897 3735 2111 3804 γνῶσις,
2154 3734 2432 3792 οἰκείωσις,
2470 3730 2697 3800 συναφή,
2734 3732 2893 3796 ἐμπέ-

533 3815 700 3878 λασις,
735 3820 924 3873 grauns
957 3835 1019 3875 re
1052 3836 1184 3875 vera
1220 3825 1332 3875 tres
1368 3824 1514 3875 sunt.
1582 3819 1633 3874 N
1634 3836 1723 3874 am
1757 3819 1974 3889 γνῶσις,
2022 3818 2298 3877 οἰκείωσις,
2348 3814 2556 3886 συναφή
2591 3821 2711 3871 arte
2744 3816 2895 3872 inter

534 3918 592 3958 se
626 3903 903 3960 coniuncti
937 3909 1084 3974 sunt,
1121 3905 1264 3974 quod
1300 3905 1543 3961 ostendit
1575 3905 1728 3960 Koch
1762 3922 1815 3975 p.
1854 3904 1954 3959 182
1968 3921 2045 3974 sq.

709 3991 730 4022 ²
766 3989 848 4045 cf.
883 3990 1145 4059 Porphyr.
1183 3991 1254 4044 ad
1287 3992 1450 4046 Marc.
1487 4007 1532 4045 c.
1570 3990 1654 4045 15.
1864 3990 1887 4022 ²
1920 3991 2095 4045 Procl.
2131 3990 2192 4045 in
2227 3989 2366 4045 Tim.
2403 3988 2550 4043 651).

708 4075 730 4107 ⁸
760 4073 844 4128 Ὡς
878 4072 936 4125 δὲ
967 4073 1148 4130 ὑλικάς
1180 4093 1232 4146 p.
1269 4076 1413 4131 6513.
1721 4076 1749 4108 ⁴·
1782 4076 1928 4131 651⁴).

705 4158 730 4191 ⁵
766 4160 918 4227 Quod
953 4162 1024 4216 ad
1057 4166 1342 4229 precantes
1365 4161 1622 4231 pertinet,
1655 4162 1858 4217 iterum
1882 4160 2156 4230 triplicem
2178 4159 2390 4229 perficit
2412 4158 2747 4226 divisionem,
2783 4171 2895 4225 qua

535 4243 798 4300 discernit
829 4246 1194 4315 precationem
1230 4253 1289 4302 et
1310 4246 1686 4316 philosopham
1722 4253 1782 4302 et
1814 4247 2159 4317 theurgicam
2194 4251 2252 4302 et
2276 4260 2422 4300 more
2456 4243 2636 4314 patrio
2670 4242 2892 4297 factam.

707 4329 734 4362 θ
766 4330 945 4386 Anxie
981 4331 1112 4387 anni
1149 4348 1365 4401 quoque
1396 4340 1643 4401 tempora
1677 4333 1913 4388 discerni
1948 4332 2074 4387 vult
2107 4332 2252 4386 65A.
2488 4330 2509 4362 ⁷
2543 4326 2810 4383 65F-66
2822 4327 2893 4381 A.
