3509 5067
709 347 792 412 14
1610 346 1878 401 Hem-icus
1914 346 2156 402 Schmidt
2951 350 3061 437 [14

704 519 1052 601 Σώκρατες,
1097 516 1284 581 τοῦτό
1331 537 1401 600 γε
1447 513 1522 602 δὴ
1565 519 1818 599 πάντες,
1861 514 2008 581 ὅσοι
2048 516 2160 580 καὶ
2202 516 2363 581 κατὰ
2405 519 2611 603 βραχὺ
2649 522 3062 607 σωφροσύνης

702 622 1092 700 μετέχουσιν,
1139 614 1252 683 ἐπὶ
1296 618 1536 696 παντὸς
1580 618 1746 704 ὁρμῇ
1792 619 1903 682 καὶ
1932 628 2205 704 σμικροῦ
2238 620 2350 683 καὶ
2375 620 2654 703 μεγάλου
2684 624 3061 708 πράγματος

702 719 862 786 θεὸν
904 719 1008 785 ἀεί
1051 740 1185 785 που
1222 719 1542 785 καλοῦσιν.
1601 719 1768 804 ἡμᾶς
1826 718 1898 785 δὲ
1947 720 2098 797 τοὺς
2153 721 2309 806 περὶ
2364 732 2477 786 τοῦ
2531 722 2776 801 παντὸς
2829 723 3061 809 λόγους

703 825 1054 887 ποιεῖσθαί
1094 843 1190 907 πῃ
1232 822 1577 905 μέλλοντας
1637 872 1651 886 .
1699 870 1714 885 .
1764 875 1781 891 .
1825 819 1885 888 εἰ
1940 822 2027 910 μὴ
2069 825 2455 888 παντάπασι
2509 824 3057 910 παραλλάττομεν,

703 924 943 1011 ἀνάγκη
983 927 1187 1002 θεούς
1227 948 1297 990 τε
1338 926 1450 991 καὶ
1489 925 1656 1002 θεὰς
1696 921 2239 1008 ἐπικαλουμένους
2281 925 2590 1006 εὔχεσθαι
2630 930 2840 992 πάντα
2894 930 3059 994 κατὰ

702 1038 846 1093 νοῦν
873 1027 1138 1105 ἐκείνοις
1164 1026 1282 1110 μὲν
1309 1027 1609 1110 μάλιστα,
1640 1025 1975 1111 ἑπομένως
2008 1025 2079 1091 δὲ
2113 1026 2260 1111 ἡμῖν
2288 1025 2514 1092 εἰπεῖν.
2605 1030 2702 1096 Ut
2728 1030 3058 1115 Diogenes

703 1133 787 1216 (v.
817 1150 1019 1215 supra
1042 1150 1101 1214 p.
1128 1132 1236 1217 11)
1261 1133 1341 1198 de
1363 1132 1588 1198 stultis
1618 1131 1950 1199 hominum
1972 1132 2276 1214 precibus
2307 1134 2730 1217 querebatur,
2756 1133 2867 1214 qui
2894 1152 3059 1202 vera

701 1236 874 1301 bona
930 1234 1294 1317 nescirent,
1359 1253 1552 1315 quam
1611 1236 1694 1301 ob
1756 1252 2027 1300 causam
2079 1235 2259 1300 mala
2313 1239 2622 1316 peterent
2684 1254 2727 1301 a
2784 1235 2904 1319 dis,
2961 1235 3059 1302 ita

702 1337 1045 1403 Platonem
1099 1355 1368 1420 quoque,
1426 1337 1539 1418 qui
1593 1338 1801 1403 bonas
1846 1354 2071 1418 preces
2122 1337 2388 1403 summis
2440 1336 2747 1404 laudibus
2791 1338 3059 1405 extolle-

701 1441 838 1523 bat,
901 1439 972 1506 in
1015 1439 1224 1518 malas
1270 1443 1339 1505 et
1381 1458 1730 1532 perversas
1774 1439 2106 1506 invectum
2158 1457 2300 1506 esse
2344 1458 2465 1521 per
2506 1458 2579 1506 se
2627 1439 3059 1524 intellegitur.

701 1542 945 1609 Poetas
988 1542 1349 1624 vituperat,
1409 1544 1580 1623 quod
1639 1541 2023 1625 saepissime
2077 1542 2306 1623 pravis
2348 1543 2655 1623 precibus
2713 1541 2784 1609 in
2828 1544 3059 1609 carmi—

701 1643 896 1710 nibus
941 1648 1289 1710 uterentur
1332 1643 1641 1724 civesque
1685 1643 1756 1709 in
1802 1662 2083 1709 errorem
2128 1643 2520 1710 inducerent
2563 1644 2762 1728 (legg.
2806 1646 2930 1711 801
2965 1644 3059 1729 C).

701 1747 962 1813 Pravac
1018 1764 1251 1828 preces
1311 1746 1885 1827 reprehenduntur
1949 1746 2121 1828 legg.
2166 1747 2291 1812 687
2302 1746 2376 1830 B,
2433 1751 2634 1828 atque
2693 1748 2773 1813 de
2833 1766 3057 1829 preca-

699 1848 1006 1932 tionibuS,
1050 1866 1218 1930 quae
1263 1846 1468 1915 exitio
1498 1854 1670 1931 sunt,
1716 1848 1944 1930 agitur
1988 1848 2222 1915 68713:
2266 1847 2397 1912 Καὶ
2434 1847 2554 1933 μὴν
2584 1844 2672 1911 ὧν
2713 1847 2773 1931 y’
2818 1845 2853 1912 ὅ
2897 1857 3059 1925 παῖς

701 1949 949 2030 εὔχεται
998 1948 1202 2035 ἑαυτῷ
1238 1951 1600 2034 γίγνεσθαι,
1645 1948 1862 2014 πολλὰ
1907 1945 1942 2014 ὃ
1972 1949 2181 2036 πατὴρ
2212 1948 2546 2030 ἀπεύξαιτ’
2590 1951 2667 2015 ἂν
2708 1961 2845 2028 τοῖς
2872 1953 3058 2027 θεοῖς

699 2050 1013 2138 μηδαμῶς
1068 2052 1231 2117 κατὰ
1297 2052 1412 2131 τὰς
1466 2063 1580 2117 τοῦ
1637 2049 1811 2129 υἱέος
1869 2050 2059 2131 εὐχὰς
2102 2055 2444 2137 γίγνεσθαι
2485 2052 2613 2120 κτλ.
2697 2053 2793 2119 Et.
2835 2055 3058 2135 paullo

698 2166 849 2238 post
877 2157 1107 2222 6883:
1134 2154 1314 2220 ’Ὴκει
1343 2153 1420 2242 δὴ
1451 2155 1653 2220 πάλιν
1682 2154 1717 2220 ὃ
1747 2154 1940 2239 λόγος
1968 2154 2060 2232 εἰς
2086 2154 2326 2240 ταύτόν,
2355 2154 2468 2219 καὶ
2497 2154 2533 2219 ὃ
2562 2154 2763 2237 λέγων
2792 2150 2916 2239 ἐγὼ
2950 2166 3057 2219 νῦν

700 2257 864 2341 λέγω
907 2258 1109 2322 πάλιν
1137 2258 1310 2339 ἅπερ
1347 2258 1506 2332 τότε,
1555 2305 1569 2322 .
1618 2311 1632 2326 .
1679 2305 1693 2322 .
1741 2258 1843 2324 ὅτι
1884 2258 1961 2346 δή
2004 2282 2174 2347 φημι
2217 2258 2369 2342 εὐχῇ
2411 2261 2696 2350 χρῆσθαι
2740 2258 3058 2346 σφαλερὸν

701 2355 864 2425 εἶναι
907 2372 1051 2426 νοῦν
1090 2361 1179 2447 μὴ
1225 2364 1618 2448 κεκτημένον,
1665 2361 1830 2426 ἀλλὰ
1856 2361 2160 2426 τάναντία
2186 2370 2330 2438 ταῖς
2356 2359 2726 2447 βουλήσεσίν
2754 2359 2816 2424 οἱ
2857 2361 3055 2445 γίγνε-

703 2465 881 2529 σθαι.
969 2464 1064 2530 Of.
1107 2465 1281 2548 legg.
1325 2465 1448 2531 801
1475 2466 1559 2531 A.
3026 2500 3031 2503 ·

871 2583 979 2649 Ad
1023 2587 1383 2650 extremum
1417 2583 1699 2666 denique
1729 2584 1900 2651 mira
1940 2586 2262 2666 quaedam
2292 2584 2593 2652 Platonis
2634 2583 2853 2666 opinio
2889 2602 3058 2649 com-

703 2687 1122 2752 memoranda
1143 2687 1333 2754 nobis
1357 2692 1477 2769 est,
1507 2705 1703 2767 quam
1735 2687 1931 2753 multi
1959 2688 2406 2768 sequebantur
2427 2693 2744 2754 auctores.
2790 2685 3061 2753 Conviv.

701 2788 827 2854 202
844 2788 903 2853 Ε
948 2806 1088 2870 sqq.
1134 2791 1216 2855 de
1267 2789 1692 2856 daemonibus
1750 2789 2048 2871 loquitur
2092 2789 2416 2873 SocrateS,
2472 2788 2586 2871 qui
2644 2788 2784 2855 deis
2825 2806 3055 2871 preces

699 2890 1028 2957 hominum
1060 2897 1130 2957 et
1158 2892 1485 2958 sacrificia
1520 2891 1837 2975 referant,
1868 2891 2236 2959 hominibus
2265 2911 2495 2958 rursus
2524 2892 2848 2975 nuntient,
2887 2909 3057 2973 quae

704 2992 811 3060 dei
835 2994 1164 3075 imperent
1187 2999 1256 3060 et
1276 2997 1749 3077 respondeant:
1779 2994 2150 3079 Ἑρμηνεῦον
2167 2994 2279 3057 καὶ
2302 2992 2787 3077 ὄιαπορθμεῢον
2809 2993 2965 3078 (πᾶν
2980 2990 3055 3054 τὸ

704 3094 1057 3181 δαιμόνιον)
1082 3097 1271 3172 θεοῖς
1298 3096 1379 3160 τὰ
1405 3096 1566 3181 παρ’
1597 3094 1967 3181 ἀνθρώπων
1995 3097 2106 3160 καὶ
2132 3094 2515 3181 ἀνθρώποις
2540 3094 2620 3158 τὰ
2647 3094 2830 3179 παρὰ
2857 3096 3054 3165 θεῶν,

699 3208 825 3261 τῶν
851 3196 969 3278 μὲν
994 3196 1109 3274 τὰς
1132 3197 1374 3283 δεήσεις
1397 3199 1508 3262 καὶ
1532 3200 1792 3278 θυσίας,
1820 3209 1946 3262 τῶν
1969 3197 2169 3273 δὲτὰς
2190 3194 2520 3276 ἐπιτάξεις
2547 3217 2616 3260 τε
2643 3196 2754 3259 καὶ
2783 3194 3057 3277 ἀμοιβὰς

698 3309 826 3362 τῶν
867 3301 1131 3372 θυσιῶν,
1177 3296 1244 3363 ἐν
1284 3304 1462 3384 μέσῳ
1504 3298 1577 3365 δὲ
1621 3299 1692 3364 ὂν
1736 3297 2118 3386 ἀμφοτέρων
2161 3297 2544 3384 συμπληροῖ,
2598 3298 2757 3362 ὥστε
2797 3296 2871 3361 τὸ
2917 3307 3056 3361 πᾶν

704 3398 858 3465 αὐτὸ
904 3400 1072 3485 αὐτῷ
1119 3400 1547 3479 ξυνδεδέσθαι
1569 3401 1614 3464 ¹.

700 3646 1006 3710 precantur,
1045 3645 1112 3696 ut
1134 3656 1191 3695 se
1215 3640 1466 3708 adiuvet3
1504 3639 1900 3709 cf.1amblich.,
1935 3640 2034 3695 vit.
2070 3639 2237 3708 Pyth.
2261 3639 2292 3692 I
2315 3640 2374 3692 2:
2415 3632 2900 3704 Παρακαλέσαντες
2932 3636 3058 3689 τοὺς

701 3723 868 3781 θεοὺς
902 3724 1166 3795 ἡγεμόνας
1200 3729 1287 3777 καὶ
1322 3725 1708 3792 ἐπιτρέψαντες
1745 3723 1928 3780 αὐτοῖς
1962 3726 2198 3779 ἑαυτούς.
2270 3723 2351 3778 Cf.
2387 3722 2563 3777 Proel.
2598 3721 2659 3777 in
2696 3721 2940 3777 Parmen.
2973 3722 3057 3777 IV

701 3811 855 3881 3sq.;
899 3811 1217 3866 Poemandr.
1253 3810 1304 3876 5,
1335 3810 1370 3863 2
1414 3826 1467 3879 p.
1502 3809 1572 3863 42
1607 3809 1881 3879 Parthey3
1928 3810 1996 3864 cf.
2032 3810 2199 3877 Koch,
2247 3809 2337 3863 Ps.
2372 3806 2669 3876 Dionysius
2704 3806 3054 3877 Areopagita,

701 3895 1091 3965 Forschunqcn
1122 3913 1226 3950 zur
1258 3894 1466 3950 christl.
1500 3894 1640 3949 [Act.
1678 3912 1733 3950 u.
1771 3894 2191 3966 Doymcnqcsch.
2227 3910 2280 3962 p.
2316 3894 2386 3947 28
2402 3910 2518 3962 sqq.

879 3982 898 4014 ¹
931 3982 1012 4036 Cf.
1037 3980 1168 4037 Otto
1189 3981 1337 4037 Jahn
1355 3990 1414 4036 et
1430 3981 1500 4036 Η.
1518 3981 1729 4036 Usener
1748 3982 1819 4035 ad
1844 3981 1987 4036 hunc
2008 3980 2200 4035 locum.
2237 3979 2319 4033 De
2342 3978 2638 4033 Plutarcho
2661 3977 2729 4031 cf.
2752 3976 2928 4032 Zeller
2949 3977 3054 4047 ΠΙ,

701 4068 736 4120 2
780 4082 833 4135 p.
883 4065 1000 4121 177.
1082 4066 1341 4122 Nostrum
1394 4066 1571 4122 locum
1618 4065 1845 4134 respicit
1890 4066 2154 4135 Apuleius
2168 4107 2181 4131 ‚
2235 4063 2302 4118 de
2352 4062 2451 4118 deo
2498 4061 2735 4118 Socratis
2780 4078 2825 4116 c.
2858 4062 2895 4115 4
2910 4078 3054 4130 sqq.:

707 4151 959 4206 Ceterum
991 4154 1128 4206 sunt
1159 4150 1426 4219 quaedam
1470 4150 1693 4206 divinae
1738 4150 1951 4206 mediae
1975 4152 2278 4220 potestates
2320 4147 2468 4202 inter
2512 4163 2790 4202 summum
2835 4146 3057 4204 aethera

701 4239 757 4291 et
787 4235 1012 4305 infimas
1047 4240 1227 4292 terras
1261 4237 1324 4291 in
1346 4236 1454 4292 isto
1478 4237 1771 4292 intersitae
1805 4237 1952 4291 acris
1973 4235 2171 4305 spatio,
2199 4251 2304 4303 per
2326 4249 2460 4301 quaa
2495 4236 2550 4287 ct
2570 4231 2840 4287 desider-la
2862 4235 3056 4287 nostra

701 4325 757 4377 ct
806 4322 1008 4378 merita
1058 4322 1132 4377 ad
1182 4321 1307 4377 deos
1357 4325 1693 4378 commeant.-
1743 4322 1841 4377 hos
1899 4320 2101 4377 Graeci
2160 4319 2385 4390 (primus
2430 4319 2701 4375 Hesiodus
2760 4335 2843 4388 op.
2896 4324 2956 4374 et
3002 4319 3054 4374 d.
