3509 5067
666 383 754 450 36
1566 379 1837 436 Henricus
1872 379 2120 436 Schmidt
2923 381 3034 470 [36

662 554 842 636 dare,
908 552 1155 620 Seneca
1221 553 1304 618 de
1359 551 1573 619 benef.
1631 551 1731 617 IV
1773 553 1831 633 4,
1878 552 1919 616 2
1978 554 2231 617 censet:
2297 550 2437 615 Hoc
2494 554 2607 636 qui
2663 550 2832 635 dicit,
2901 573 3030 619 non

663 654 921 721 exaudit
954 656 1348 739 precantium
1391 673 1557 718 voces
1599 659 1656 718 et
1695 652 1975 737 undique
2031 652 2293 718 sublatis
2347 655 2417 718 in
2462 653 2701 719 caelum
2746 656 3038 721 manibus

661 765 803 823 vota
841 758 1208 841 facientium
1249 758 1496 841 privata
1539 776 1613 820 ac
1648 756 1920 840 publica,
1978 755 2146 841 quod
2196 756 2470 840 profecto
2511 777 2641 821 non
2694 757 2880 840 fieret
2922 778 3033 824 nec

661 863 737 927 in
777 860 943 925 hunc
988 861 1272 941 furorem
1317 879 1527 924 omnes
1579 859 1873 924 mortales
1933 861 2381 924 consensissent
2422 860 2802 945 adloquendi
2834 861 3032 927 surda

665 965 931 1028 numina
972 967 1030 1027 et
1070 962 1416 1045 inefficaces
1456 961 1616 1044 deos,
1663 963 1789 1026 nisi
1836 981 2146 1027 nossem-us
2201 963 2459 1027 illorum
2518 961 2805 1045 beneficia
2861 984 3033 1029 nunc

663 1065 866 1131 oblata
923 1066 1104 1148 altro,
1163 1084 1336 1129 nunc
1394 1065 1718 1129 orantibus
1775 1064 1959 1147 data,
2023 1084 2278 1150 mayna,
2337 1067 2700 1149 tempestiva,
2756 1067 3031 1148 inyentes

662 1169 876 1233 minas
914 1169 1259 1233 interventa
1297 1187 1411 1232 suo
1450 1168 1746 1231 solventia
1767 1169 1810 1232 ¹.

834 1286 1126 1355 Similem
1191 1287 1483 1354 Senecae
1555 1285 1882 1353 rationem
1954 1286 2025 1353 in
2097 1286 2511 1370 philosophia
2582 1291 2851 1354 secutus
2924 1292 3029 1355 est

664 1391 732 1457 C.
761 1389 1200 1459 Musonius
1232 1391 1442 1457 Rufus
1473 1389 1751 1474 Stoicae,
1795 1408 1987 1471 quem
2032 1408 2203 1456 anno
2240 1409 2301 1472 p.
2333 1390 2480 1457 Chr.
2523 1409 2587 1456 n.
2617 1390 3029 1474 sexagesimo

548 1535 556 1542 ·
663 1493 895 1576 quinto
918 1494 1124 1561 Roma
1148 1492 1406 1576 expulit
1425 1492 1599 1558 Nero
1622 1493 1804 1577 (Tac.
1827 1492 2045 1559 annal.
2067 1492 2199 1560 XV
2225 1493 2349 1578 71).
2392 1493 2737 1560 Publicum
2763 1496 3028 1561 deorum

661 1597 929 1680 cultum,
972 1596 1087 1678 qui
1117 1594 1459 1662 sacrificiis
1488 1594 1769 1675 aliisque
1807 1594 2223 1661 caerimoniis
2269 1594 2664 1679 continetur,
2708 1614 2839 1662 non
2882 1615 3029 1664 esse

660 1699 1147 1782 neglegendum
1191 1697 1413 1764 docuit
1434 1697 1476 1764 2.
1563 1698 1667 1764 De
1710 1697 2019 1781 precibus
2064 1698 2174 1764 hic
2215 1698 2397 1765 locus
2441 1702 2617 1782 apud
2660 1699 3028 1766 Musonium

661 1806 886 1868 exstat
907 1802 963 1867 ⁸:
1015 1799 1164 1864 θεοὶ
1191 1798 1314 1885 γὰρ
1360 1798 1896 1885 ἐπιτροπεύουσιν
1938 1799 2127 1864 αὐτὸν
2167 1798 2303 1887 (τὸν
2342 1801 2592 1886 γάμον),
2635 1801 2811 1866 καθὸ
2854 1804 3026 1884 νομί-

665 1902 883 1984 ζονται
952 1902 1113 1988 παρ’
1188 1901 1572 1988 ἀνθρώποις
1626 1903 1913 1987 μεγάλοι.
1961 1951 1975 1967 .
2025 1953 2038 1968 .
2085 1955 2101 1970 .
2159 1901 2323 1967 πότε
2376 1902 2435 1967 δ’
2451 1903 2529 1968 ἂν
2586 1903 3032 1990 εὐκαιρότερον

661 2004 918 2086 εὔξαιτό
953 2027 1053 2081 τις
1093 2014 1234 2081 τοῖς
1276 2008 1463 2082 θεοῖς
1502 2006 1754 2080 τούτοις
1794 2001 1835 2087 ἢ
1881 2004 2046 2091 πρὸς
2086 2008 2293 2088 γάμον
2335 2004 2484 2080 ἰώνς

834 2109 1298 2193 Epictetus
1342 2108 1678 2192 Phrygius
1716 2108 2005 2175 Musonii
2032 2108 2185 2176 Rufi
2215 2109 2582 2177 sententias
2611 2111 3028 2191 sequebatur.

662 2213 734 2279 Is
756 2211 828 2278 in
859 2213 1031 2279 Man.
1062 2213 1144 2278 31
1177 2216 1552 2294 praecepta,
1585 2230 1756 2293 quae
1788 2213 1876 2276 ad
1903 2213 2173 2277 deorum
2204 2212 2453 2278 cultum
2484 2211 2838 2297 pertinent,
2879 2215 3027 2280 bre·

662 2315 839 2384 viter
862 2314 1234 2397 complexus
1256 2318 1378 2381 est.
1423 2313 1670 2381 Summi
1689 2314 2001 2381 momenti
2024 2319 2129 2380 est
2151 2333 2268 2380 nos
2289 2318 2475 2381 recte
2506 2316 2589 2381 de
2612 2315 2753 2381 deis
2781 2316 3030 2383 sentire

661 2422 734 2484 et
777 2416 1114 2485 voluntati
1143 2417 1410 2483 divinae
1440 2417 1656 2483 hilare
1696 2417 2001 2498 laeteque
2038 2435 2272 2498 parere
2290 2416 2337 2500 ⁴,
2382 2419 2551 2498 quod
2582 2417 2778 2484 unius
2821 2418 3027 2500 philo·

661 2520 851 2603 sophi
897 2526 1015 2587 est.
1103 2520 1248 2586 Non
1291 2518 1373 2583 τὰ
1407 2518 1524 2584 οὐκ
1567 2517 1676 2605 ἐφ’
1718 2517 1870 2602 ἡμῖν
1911 2520 2108 2605 (bona
2136 2517 2449 2605 corporis)
2493 2522 2668 2587 bona
2711 2524 2870 2587 sunt
2912 2525 3031 2589 aut

661 2624 857 2707 mala,
916 2627 1148 2689 contra
1192 2620 1260 2687 ἐν
1301 2631 1442 2698 τοῖς
1497 2620 1605 2706 ἐφ’
1653 2619 1801 2704 ἡμῖν
1856 2624 2097 2688 bonum
2162 2625 2530 2704 ponendum
2576 2628 2700 2690 est.
2800 2623 3032 2690 Tertia

661 2726 882 2792 cultus
927 2727 1195 2792 deorum
1257 2744 1417 2808 pars
1476 2724 1827 2791 sacrificiis
1871 2725 2307 2807 precibusque
2352 2725 2732 2792 continetur
2752 2727 2795 2810 ⁶,
2861 2743 3031 2806 quae

662 2846 793 2895 non
835 2830 1086 2914 valent,
1132 2828 1261 2895 nisi
1305 2828 1421 2911 pia
1463 2827 1536 2894 111
1579 2827 1839 2895 homine
1883 2846 2066 2894 mens
2128 2832 2234 2894 est
2253 2827 2297 2893 ⁶.
2380 2827 2611 2895 Ritum
2677 2846 2856 2895 more
2897 2846 3032 2893 ma-

838 2999 860 3031 ¹
900 3000 981 3056 Cf.
1018 3000 1235 3055 Platon.
1270 3000 1420 3070 legg.
1464 3016 1516 3068 p.
1551 2997 1654 3052 887
1690 2997 1792 3054 sub
1839 2999 2018 3054 finem.
2053 2997 2257 3053 Seneca
2303 3013 2515 3067 quoque
2562 2999 2689 3054 deos
2724 2998 3030 3054 hominibus

660 3085 964 3156 prospicere
1012 3090 1071 3141 et
1117 3086 1397 3141 consulere
1443 3083 1594 3153 dicit,
1643 3101 1753 3153 qua
1799 3082 2106 3139 conditione
2152 3084 2373 3138 sublata
2417 3084 2757 3153 precationes
2803 3083 3030 3139 inutiles

659 3176 871 3226 essent:
920 3171 988 3224 cf.
1025 3171 1093 3226 de
1127 3172 1250 3226 ben.
1285 3172 1368 3227 IV
1402 3172 1450 3240 4,
1487 3171 1548 3239 33
1584 3187 1631 3226 c.
1666 3170 1834 3239 5-83
1871 3169 1982 3223 VII
2015 3169 2099 3239 31,
2136 3170 2186 3226 4.

656 3249 701 3317 ,’
837 3254 861 3286 ¹¹
896 3256 999 3311 Ed.
1036 3257 1364 3325 Peerlkamp
1409 3273 1462 3325 p.
1499 3255 1603 3310 205
1637 3262 1695 3311 et
1740 3273 1795 3324 p.
1831 3254 1963 3324 2213
2008 3254 2300 3310 Bonhoffer
2343 3255 2381 3310 1.
2418 3271 2462 3309 c.
2498 3271 2551 3325 p.
2587 3255 2682 3310 85:
2730 3254 3030 3310 Durchaus

653 3339 866 3410 positio
902 3340 1005 3394 hat
1035 3340 1156 3395 sich
1190 3341 1491 3396 Musonius
1523 3357 1630 3396 zur
1674 3340 2066 3410 Volksreliyion
2096 3340 2324 3409 yestellt.
2393 3339 2483 3395 Er
2514 3340 2735 3395 reclinet
2767 3340 2855 3394 die
2877 3339 3031 3394 Dar-

662 3425 941 3497 brinyuny
974 3442 1082 3481 von
1111 3426 1322 3496 Opfern
1359 3425 1473 3480 und
1502 3425 1697 3482 Gaben
1730 3443 1810 3481 an
1844 3424 1933 3480 die
1962 3425 2156 3481 Gotter
2187 3442 2259 3479 zu
2294 3424 2400 3479 den
2433 3425 3031 3481 selbstverstiindlichen

666 3510 962 3581 Pflickten.
1279 3512 1302 3545 ⁸
1333 3529 1387 3581 p.
1422 3512 1540 3568 221.

838 3600 865 3631 ⁴
898 3599 979 3653 Of.
1000 3615 1143 3654 man.
1170 3598 1253 3666 15,
1282 3599 1362 3667 17,
1386 3599 1488 3667 52;
1515 3598 1643 3653 diss.
1667 3598 1716 3668 4,
1737 3597 1787 3667 1,
1809 3597 1874 3651 13
1888 3619 1902 3667 ;
1938 3597 1987 3667 2,
2014 3597 2096 3667 16,
2119 3598 2187 3652 42
2201 3617 2215 3667 ;
2239 3613 2424 3667 preces
2447 3597 2506 3652 in
2529 3602 2819 3667 conspectu
2841 3594 3030 3651 mortis

662 3684 973 3740 fundendae
1007 3689 1495 3739 commemorantur
1533 3683 1662 3740 diss.
1698 3684 1748 3752 4,
1776 3682 1860 3747 10,
1899 3683 1965 3736 14
1977 3700 2121 3753 sqq.;
2158 3684 2207 3754 3,
2244 3682 2328 3752 24,
2363 3682 2619 3737 96-102.

837 3770 862 3803 ⁶
896 3771 977 3825 Cf.
1026 3770 1154 3827 diss.
1203 3771 1253 3839 3,
1303 3769 1387 3839 21,
1438 3769 1503 3822 12
1516 3786 1660 3838 sqq.:
1708 3765 1836 3819 Ἀλλ’
1884 3765 1995 3820 ἀπὸ
2029 3766 2242 3834 λιμένος
2286 3770 2390 3835 μὲν
2437 3764 2607 3822 οὐδεὶς
2651 3765 2914 3837 ἀνάγεται
2956 3765 3031 3832 μὴ

663 3857 841 3910 θύσας
875 3868 989 3910 τοῖς
1023 3858 1179 3908 θεοῖς
1213 3859 1303 3908 καὶ
1337 3850 1711 3922 παρακαλέσας
1747 3851 1949 3909 αύτούς
1984 3852 2229 3918 βοηθοὺς
2265 3850 2389 3906 οὐδὲ
2424 3860 2736 3921 σπείρουσιν
2771 3848 2946 3913 ἄλλως
2978 3853 3032 3903 οἱ

661 3939 974 4012 ἄνθρωποι,
1012 3942 1061 3993 εἰ
1093 3941 1167 4006 μὴ
1191 3939 1292 4005 τὴν
1316 3941 1375 3992 Δ
1380 3939 1619 4009 ᾆμητραν
1644 3936 2107 4005 ἐπικαλεσάμενοι,
2142 3937 2458 4004 τηλικούτου
2494 3935 2540 3989 δ’
2555 3939 2714 4008 ἔργον
2752 3934 3033 4006 ἁψάμενός

662 4047 744 4081 τις
767 4024 895 4077 ἄνευ
919 4029 1074 4077 θεῶν
1097 4020 1346 4094 ἀσφαλῶς
1369 4023 1574 4095 ἅψεται
1592 4029 1681 4076 καὶ
1698 4028 1750 4077 οἱ
1774 4024 1954 4089 τούτῳ
1976 4023 2295 4091 προσιόντες
2318 4021 2545 4085 εὐτυχῶς
2567 4020 3031 4090 προσελεύσονται.

661 4112 750 4168 Of.
786 4111 1046 4167 Antonin.
1083 4128 1271 4168 comm.
1308 4112 1390 4167 VI
1435 4111 1505 4165 23
1593 4112 1739 4167 Plat.
1776 4111 1918 4166 Tim.
1953 4128 2007 4180 p.
2043 4111 2114 4164 27
2138 4111 2196 4165 O.
2233 4109 2532 4178 Xenophon
2568 4108 2759 4164 Oecon.
2796 4108 2880 4163 VI
2915 4106 2964 4161 1.

688 4201 695 4211 '
843 4198 867 4232 ⁶
901 4197 984 4252 cf.
1022 4214 1164 4252 man.
1201 4199 1284 4268 31,
1322 4198 1383 4266 13
1420 4198 1548 4253 dise.
1589 4196 1668 4267 18,
1709 4196 1803 4266 193
1851 4197 1961 4251 Cic.
1997 4212 2094 4265 pro
2131 4195 2385 4251 Cluentio
2418 4194 2490 4248 68
2536 4195 2603 4249 de
2650 4194 2881 4249 scelesta
2915 4206 3032 4246 mu·

666 4283 829 4338 liere:
883 4282 1033 4352 Quin
1079 4283 1250 4338 etiam
1295 4286 1574 4338 nocturna
1618 4282 1911 4352 sacrificia,
1958 4297 2097 4350 qnae
2141 4282 2299 4350 putet
2344 4279 2646 4334 occultiora
2689 4294 2828 4347 esse,
2875 4275 3034 4331 scele-

662 4370 936 4436 ratasque
971 4368 1092 4423 eius
1117 4385 1307 4439 preces
1341 4371 1397 4423 et
1427 4368 1654 4438 nefaria
1699 4369 1828 4424 vota
1875 4366 2249 4437 coynovimus:
2298 4363 2495 4434 quibus
2540 4364 2643 4419 illa
2690 4362 2863 4417 etiam
2908 4360 3036 4416 deos
