3509 5067
721 337 805 402 64
1126 303 1137 310 ’
1629 334 1898 389 Hem-icus
1934 333 2182 389 schmidt,
2972 332 3085 421 [64
3135 367 3156 386 .

723 509 1030 590 annotat:
1075 503 1257 568 Nihil
1283 504 1392 568 hoe
1429 504 1555 568 loeo
1598 506 1908 568 venustius
1951 504 2077 567 dici
2106 505 2326 586 potuit.
2414 504 2644 585 Neque
2682 523 2841 571 vero
2878 524 3081 572 venu-

721 608 921 674 statis
966 625 1170 673 causa
1212 612 1467 672 mutare
1510 606 1686 689 licet,
1731 625 1899 687 quae
1939 605 2194 672 tradita
2237 610 2411 671 811111.
2497 606 2669 671 Nam
2711 612 2908 688 poeta
2951 627 3083 674 non

722 714 860 776 tam
902 704 1235 776 silenfiium
1280 713 1561 774 naturae
1610 713 2003 775 nocturnum
2045 708 2416 774 describere
2461 708 2629 792 vult,
2688 709 2881 778 immo
2925 729 3083 777 vero

723 831 947 879 vocem
1023 809 1285 891 ἅσυχα
1343 811 1638 877 consulto
1704 810 2027 894 magicam
2107 809 2241 877 vim
2315 810 2561 877 habere
2619 812 2851 878 voluit.
2952 815 3083 878 Ars

723 914 895 980 enim
939 913 1198 996 magica
1241 919 1311 979 01,
1354 932 1671 979 81111111111111
1700 911 2035 978 silentium
2081 916 2236 993 apte
2268 911 2616 980 coniuncta
2659 920 2831 981 sunt.
2918 914 3078 981 Con-

670 1041 676 1046 ·
720 1016 883 1099 tigit
911 1016 1090 1098 mihi,
1119 1020 1196 1082 111,
1223 1015 1584 1097 complures
1615 1016 1790 1081 locos
1816 1014 2173 1080 Fritzschii
2196 1015 2613 1083 coniecturae
2642 1016 2949 1084 faventes
2979 1017 3078 1083 in·

723 1117 1031 1201 venirem,
1060 1118 1217 1199 Pap.
1249 1118 1458 1183 Paris,
1486 1136 1655 1200 mag.
1687 1118 1886 1184 2856:
1917 1114 2061 1181 “Ha
2073 1140 2110 1179 υ
2126 1139 2167 1196 χ
2182 1139 2213 1181 ε
2255 1118 2363 1181 καὶ
2396 1116 2709 1203 δασπλῆτι
2752 1119 3077 1205 (Ἑκάταν,

725 1222 896 1288 2544
948 1219 1319 1301 Ἐνεύχομαί
1372 1240 1478 1283 σοι
1520 1217 1811 1306 Δαιδάλη
1860 1265 1874 1281 .
1910 1265 1924 1281 .
1959 1265 1973 1281 .
2019 1218 2221 1301 ἥσυχ
2242 1242 2274 1283 ε
2331 1220 2440 1284 καὶ
2483 1218 2768 1287 deonoti.
2854 1223 3079 1303 Neque

722 1331 941 1389 tamen
972 1323 1075 1390 his
1104 1321 1264 1389 locis
1294 1325 1783 1389 demonstratur
1812 1328 1995 1389 recte
2026 1322 2469 1389 Fritzschium
2505 1324 2842 1390 Theocriti
2872 1322 3080 1403 ἅσυχα

723 1424 1174 1508 temptavisse.
1254 1424 1576 1491 Horatius
1636 1426 1818 1506 epod.
1874 1425 1932 1491 V
1993 1426 2107 1491 51:
2181 1423 2325 1490 Nooe
2383 1432 2440 1489 et
2478 1424 2719 1506 Diana,
2775 1446 2931 1510 quae
2972 1428 3080 1489 si-

724 1529 1069 1592 lentium
1108 1530 1289 1612 nqis,
1329 1526 1337 1610 Ι
1377 1546 1680 1591 arcana
1710 1546 1877 1590 cum
1913 1528 2149 1608 fiant
2177 1528 2484 1593 sacra2.
2570 1528 2663 1594 Ε1,
2692 1528 2833 1609 ipse
2861 1528 3077 1594 Fritz-

723 1631 942 1697 schius
986 1633 1071 1696 ad
1116 1629 1453 1696 Theocriti
1509 1629 1715 1695 locum
1775 1631 2115 1696 laudatum
2174 1630 2417 1711 optime
2476 1629 2734 1696 confert
2792 1630 3079 1697 Senecae

723 1735 934 1799 locum
978 1734 1148 1798 Med.
1191 1733 1437 1815 prolog.
1482 1733 1539 1814 6,
1597 1723 1722 1814 quo
1767 1733 2027 1798 Hecata
2069 1731 2386 1798 triformis
2429 1733 2802 1819 invocatur:
2848 1733 3039 1797 Taci
3054 1769 3108 1810 ·.

724 1837 835 1900 tis
877 1886 892 1900 .
938 1887 953 1901 .
993 1833 1292 1915 praebens
1333 1837 1641 1899 conscium
1684 1837 1955 1899 sacris
1995 1836 2198 1900 iubar.

894 1939 1092 2021 Apud
1138 1937 1445 2004 Ovidium
1489 1938 1669 2005 Fast.
1714 1938 1787 2003 II
1829 1939 1958 2004 572
2018 1956 2184 2003 anus
2243 1957 2439 2021 maga
2497 1939 2859 2005 Tacitae
2918 1940 3080 2005 deae

724 2041 1071 2123 sacrificat,
1113 2058 1283 2121 quae
1326 2042 1553 2106 eadem
1597 2059 1659 2106 V.
1703 2041 1833 2106 583
1876 2041 2111 2107 Muta
2170 2041 2356 2107 audit.
2413 2041 2522 2127 (cf.
2564 2042 2869 2108 Lactant.
2926 2041 3080 2108 inst.

725 2143 856 2212 div.
898 2145 935 2209 I
978 2144 1078 2227 20,
1106 2144 1264 2226 ·35);
1313 2161 1508 2224 quam
1552 2143 1953 2209 Plutarchus
1997 2143 2211 2209 Numa
2248 2146 2289 2210 8
2334 2143 2660 2210 nominat:
2715 2151 2823 2207 Ta
2845 2146 3081 2207 κίταν

725 2242 864 2310 οῖον
908 2243 1336 2331 σιωπηλὴν
1377 2239 1415 2325 ἢ
1446 2242 1731 2308 ἐννεάν
1750 2244 1794 2307 ⁸.
1880 2246 2040 2327 Pap.
2071 2246 2280 2312 Paris
2310 2266 2370 2314 v.
2399 2248 2528 2313 556
2544 2265 2682 2328 sqq.
2714 2246 3079 2331 (Dieterich

723 2348 1256 2432 Mithraslituryie
1298 2367 1357 2430 p.
1401 2349 1542 2433 42):
1600 2346 1875 2423 Ἐπίθες
1933 2346 2143 2428 δεξιὸν
2202 2346 2510 2413 δάκτυλον
2568 2347 2685 2413 ἐπὶ
2740 2348 2814 2413 τὸ
2875 2348 3080 2430 στόμα

726 2451 837 2515 καὶ
880 2451 1054 2536 λέγε·
1101 2452 1313 2536 σιγή,
1360 2452 1578 2536 σιγή,
1624 2453 1812 2537 σιγή
1858 2498 1873 2514 .
1922 2493 1938 2514 ,
1979 2497 1994 2515 .
2028 2452 2320 2538 φύλαξόν
2361 2476 2442 2534 με
2487 2454 2675 2539 σιγή
2719 2459 2787 2520 et
2829 2474 2888 2522 v.
2918 2455 3078 2520 573:

721 2553 812 2619 Σὺ
859 2551 929 2616 δὲ
971 2553 1169 2616 πάλιν
1212 2552 1383 2636 λέγε·
1430 2554 1646 2639 σιγή,
1693 2573 1774 2618 σι
1794 2555 1917 2640 νή,
1965 2555 2215 2640 σιγή4.
2303 2557 2411 2622 Ad
2440 2556 2559 2623 hos
2588 2557 2763 2622 locos
2800 2561 3078 2623 annotat.

725 2657 804 2722 A.
868 2656 1235 2722 Dieterich:
1304 2656 1450 2741 σιγή
1503 2656 1664 2720 wird
1731 2657 2047 2741 qeradezu
2103 2659 2430 2741 anyeredet
2472 2710 2488 2725 .
2532 2709 2546 2725 .
2592 2710 2609 2726 .
2652 2679 2801 2723 man
2858 2657 3080 2723 mochte

722 2756 880 2844 Σιγὴ
924 2749 1251 2825 schreibe'n.
1338 2756 1427 2821 Ob
1485 2758 1584 2822 die
1639 2759 1899 2823 nachten
1941 2760 2536 2845 Frauenfiyiirchen‚
2594 2761 2694 2826 die
2747 2761 2890 2826 eben
2934 2760 3080 2841 jene

725 2860 992 2925 Geberde
1035 2860 1168 2945 (des
1197 2859 1601 2946 Schweiyens)
1647 2862 1916 2946 macheu,
1963 2865 2330 2947 weniystens
2369 2866 2441 2928 in
2469 2870 2746 2945 spaterer
2774 2863 2911 2928 Zeit
2951 2866 3078 2927 ein-

720 2962 869 3044 fach
896 2963 992 3027 als
1018 2962 1508 3046 Darstellunyen
1548 2964 1661 3028 der
1689 2963 1846 3049 Σιγὴ
1876 2966 2212 3048 aufyefasst
2240 2965 2482 3030 werden
2510 2966 2824 3031 lconnten?
2865 3009 2882 3026 .
2914 2964 3080 3031 Mihi

727 3065 986 3146 quidem
1032 3064 1301 3131 videtur
1342 3070 1592 3131 rectum
1639 3085 1803 3149 esse,
1862 3068 2033 3149 quod
2092 3069 2171 3133 A.
2217 3068 2556 3135 Dieterich
2601 3068 2897 3135 coniecit.
2985 3067 3082 3135 Ut

723 3167 896 3233 enim
941 3167 1196 3250 Tacita,
1238 3168 1448 3252 Muta,
1492 3168 1841 3235 Susurri
1885 3169 2098 3255 (Ovid.
2141 3171 2304 3237 Met.
2347 3171 2489 3237 XII
2518 3172 2628 3255 61)
2674 3190 2790 3254 pro
2834 3170 3079 3238 divinis

898 3302 917 3334 ²
951 3304 1151 3370 Hymn.
1186 3302 1351 3372 Orph.
1374 3303 1455 3357 IX
1489 3304 1523 3357 8
1558 3304 1642 3359 ed.
1671 3305 1811 3359 Abel
1846 3305 1911 3360 de
1946 3305 2105 3360 Luna
2141 3305 2367 3361 dicitur:
2398 3305 2473 3356 ‘H
2480 3326 2555 3358 συ
2567 3310 2635 3369 χί
2647 3326 2680 3372 ῃ
2718 3310 2992 3373 χαίρουσα.

893 3388 918 3419 '
953 3386 1034 3443 Cf.
1070 3387 1272 3442 Tibull.
1306 3388 1336 3442 I
1365 3387 1413 3455 8,
1442 3388 1661 3458 l7sqq.:
1698 3388 1854 3445 Num
1891 3392 1942 3445 te
1978 3390 2434 3446 carminibus
2470 3434 2482 3447 .
2521 3433 2536 3447 .
2571 3433 2586 3448 .
2617 3394 2626 3462 Ι
2657 3390 2942 3446 devovit
2975 3394 3083 3446 ta-

722 3473 866 3528 cito
904 3475 1214 3542 tempore
1248 3473 1484 3529 noctis
1519 3477 1737 3529 anus?
1809 3476 1837 3529 I
1870 3477 1919 3545 5,
1959 3475 2148 3544 lbsq.:
2192 3475 2320 3545 Ipse
2354 3494 2448 3547 eqo
2496 3519 2510 3533 .
2549 3520 2562 3532 .
2601 3519 2614 3533 .
2646 3478 2655 3546 1
2684 3480 2848 3531 vota
2891 3492 3084 3532 novem

726 3558 1015 3614 Triviae
1047 3561 1251 3613 nocte
1285 3558 1548 3613 silente
1583 3559 1722 3615 dedi.
1796 3561 1952 3617 Ovid.
1978 3569 2197 3619 metam.
2230 3563 2333 3618 VH
2357 3562 2618 3632 ISOsqq.:
2654 3562 2896 3631 Fertque
2918 3577 3084 3633 vaqos

720 3644 932 3701 mediae
973 3661 1075 3714 per
1119 3647 1278 3699 muta
1309 3644 1538 3700 silentia
1576 3647 1754 3702 noetis
1782 3647 1793 3716 1
1822 3646 2156 3701 incomitata
2198 3646 2424 3717 yradue.
2505 3648 2790 3704 Valerium
2825 3648 3081 3702 Flaccum

719 3732 924 3800 Argon.
947 3730 1030 3786 IV
1052 3729 1156 3782 624
1167 3747 1245 3798 sq.
1271 3730 1431 3786 affert
1453 3731 1728 3787 Sudhaus:
1762 3732 1991 3801 Iamque
2014 3732 2215 3787 ultima
2238 3732 2388 3788 vobis
2416 3735 2425 3800 Ι
2449 3750 2705 3802 promere
2736 3727 2865 3801 fa'ta
2887 3731 3084 3799 nefas,·

721 3815 898 3871 sileo
933 3818 1001 3869 et
1025 3831 1294 3885 precor.
1364 3816 1544 3885 Atque
1576 3817 1662 3872 ita
1691 3816 1848 3884 facto
1877 3819 1887 3886 Ι
1914 3816 2023 3885 fine
2059 3817 2212 3872 dedit
2259 3818 2520 3873 tacitis
2564 3819 2770 3873 iterum
2817 3833 3084 3887 responsa

723 3900 1054 3956 tenebria
1191 3904 1195 3907 ’

894 3985 916 4018 ⁸
950 3985 1018 4041 V.
1053 3985 1119 4040 G.
1149 3985 1418 4041 Wissowa
1457 3986 1817 4041 Gesammelte
1841 3988 2278 4059 Abhandlunqen
2304 4005 2408 4043 zur
2441 3987 2748 4043 riimischen
2773 3980 3083 4059 Religione-

720 4070 837 4125 und
873 4070 1334 4140 Stadtyeechichte
1367 4088 1420 4141 p.
1458 4070 1560 4125 140
1593 4078 1651 4127 01,
1684 4072 1923 4129 Roscher
1959 4074 2141 4143 Myth.
2177 4074 2315 4128 Lex.
2350 4074 2381 4128 I
2414 4091 2466 4143 p.
2503 4074 2623 4128 975.

892 4154 919 4186 ⁴
953 4156 1011 4210 G.
1047 4156 1298 4224 Wessely
1365 4156 1576 4211 Wiener
1620 4157 2051 4227 Denkschriflen
2096 4158 2231 4229 phil.
2279 4158 2407 4216 hist.
2462 4159 2541 4213 Ol.
2588 4159 2698 4216 Bd.
2739 4159 2899 4214 XLII
2931 4175 2982 4228 p.
3020 4157 3083 4212 3:

713 4228 886 4295 Ἑλευ·
923 4241 984 4292 ἐν
1020 4243 1174 4309 σιγῇ
1207 4240 1271 4294 τὸ
1308 4244 1498 4303 στέφος
1533 4238 1722 4308 δίδωμί
1756 4262 1859 4301 σοι.
1930 4245 2010 4300 Ib.
2046 4262 2099 4315 p.
2134 4244 2203 4299 48
2239 4261 2365 4315 pap.
2394 4245 2569 4299 CXXI
2592 4244 2722 4299 832:
2766 4246 3086 4310 Σύντρομος

721 4329 820 4381 τοῦ
852 4324 1126 4392 ὀνόματος
1161 4344 1194 4377 a
1205 4347 1224 4377 ι
1234 4347 1269 4396 y
1286 4326 1333 4390 ἦ.
