3509 5067
521 346 631 434 57]
873 346 1104 402 Veteres
1139 345 1443 415 philosophi
1478 344 1737 414 quomodo
1774 342 2140 399 iudicaverint
2175 342 2241 397 de
2275 342 2523 410 precibus
2794 345 2880 411 57

691 518 822 584 Nos
851 518 1050 585 valde
1081 517 1412 598 miramur,
1440 519 1704 582 veteres
1734 518 1990 595 quanta
2014 513 2440 596 simplicitate
2463 512 2879 595 turpissimas

520 619 935 703 precationes
995 618 1397 701 peregerint.
1517 616 1903 697 Philosophi
1967 621 2186 683 autem
2255 619 2326 681 et
2381 620 2620 699 poetae
2678 634 2881 697 usque

520 723 971 806 postulabant,
1036 725 1109 786 ut
1151 719 1445 786 homines
1490 718 1673 785 clara
1730 737 1894 785 voce
1951 723 2396 801 precarentur,
2455 720 2571 784 sed
2628 716 2882 784 frustra

521 844 780 907 operam
811 824 1074 890 dedisse
1104 823 1434 889 videntur.
1491 820 1904 903 Nequiquam
1935 820 2106 887 enim
2139 820 2184 887 S
2201 839 2238 887 e
2253 840 2298 886 n
2314 839 2397 887 ec
2414 839 2456 885 a
2485 827 2880 902 conquestus

521 933 621 994 est
680 929 762 992 de
805 924 1023 992 benef.
1082 924 1181 992 VI
1233 926 1349 991 38:
1418 923 1496 988 Se
1553 926 1814 1009 quisque
1858 969 1874 986 .
1922 975 1937 989 .
1987 925 2307 1006 inspiciat,
2375 923 2529 1007 quid
2568 925 2882 988 tacitus

521 1030 978 1110 optaverit:
1042 1047 1270 1111 quam
1325 1027 1584 1091 multa
1642 1032 1836 1091 suut
1885 1032 2099 1109 vota,
2166 1045 2364 1109 quae
2420 1027 2661 1089 etiam
2726 1024 2885 1089 sibi

518 1132 793 1211 fateri
827 1130 1106 1214 pudet,
1164 1149 1397 1214 quam
1433 1149 1706 1209 pauca
1766 1148 1970 1212 quae
2024 1129 2303 1209 facere
2366 1147 2629 1192 coram
2688 1132 2884 1191 teste

520 1236 754 1314 possi
772 1253 831 1297 m
848 1252 952 1298 us.
1016 1232 1561 1315 Neglegebantur
1589 1230 1799 1298 verba
1826 1230 1885 1295 L
1908 1248 2004 1295 uc
2023 1230 2165 1296 ani
2194 1229 2493 1296 Pharsal.
2522 1231 2585 1295 V
2617 1230 2742 1296 104
2757 1248 2883 1310 sq.;

521 1335 767 1400 Haud
844 1336 1035 1399 illie
1109 1336 1365 1398 tacito
1431 1332 1643 1397 mala
1707 1336 1888 1396 vota
1957 1351 2302 1398 susurro
2341 1333 2351 1417 Ι
2390 1333 2885 1417 concipiunt.

525 1438 800 1504 Irritum
847 1442 995 1503 erat
1039 1437 1286 1503 dictum
1330 1435 1496 1501 illud
1540 1434 1994 1500 Martialis
2036 1434 2074 1500 Ι
2102 1434 2204 1517 39,
2240 1436 2421 1517 5sq.:
2466 1434 2542 1499 Si
2584 1436 2728 1519 qm‘s
2768 1436 2886 1498 erit

522 1543 673 1605 recti
699 1545 917 1615 custos,
951 1541 1218 1604 mirator
1243 1539 1492 1622 honesti,
1533 1538 1542 1622 Ι
1580 1542 1636 1602 et
1681 1537 1899 1602 nihil
1939 1557 2269 1621 arcano,
2315 1539 2455 1622 qui
2491 1544 2716 1622 roqet
2756 1557 2885 1601 ore

522 1643 720 1707 deos.
843 1641 936 1708 Et
1012 1641 1378 1709 Ovidius
1445 1642 1525 1707 A.
1598 1658 1721 1706 am.
1782 1640 1854 1705 II
1911 1641 2068 1706 327:
2130 1639 2401 1704 Multa
2467 1660 2678 1716 vove,
2752 1639 2885 1704 sed

523 1748 815 1809 cuneta
847 1744 1168 1829 palam²
1214 1750 1284 1810 et
1327 1743 1597 1810 Persius
1640 1747 1766 1808 sat.
1797 1743 1869 1808 II
1905 1744 1974 1808 7:
2026 1742 2327 1825 Aperte
2367 1744 2630 1807 vive-re
2663 1741 2885 1806 voto2

523 1849 605 1933 (v.
665 1847 863 1914 Sudh.
919 1866 979 1928 p.
1040 1848 1166 1913 196
1225 1846 1400 1933 ann.)
1460 1847 1642 1912 clara
1698 1863 1858 1912 voce
1874 1845 1901 1883 ⁸
1962 1844 2253 1912 homines
2316 1849 2393 1911 ut
2457 1850 2886 1928 precarentur

692 2022 713 2052 ¹
750 2020 831 2074 cf.
867 2020 1101 2073 Plautus
1135 2016 1360 2071 Rudens
1396 2015 1532 2069 1404
1566 2015 1705 2070 Leo:
1754 2014 1956 2069 Palam
1992 2031 2105 2085 aye,
2152 2015 2275 2070 uolo
2324 2030 2415 2084 eqo
2467 2015 2886 2070 murmurillum

522 2122 690 2174 ueque
725 2120 1022 2159 susurrum
1055 2102 1195 2169 fieri.
1231 2132 1300 2141 -
1334 2102 1571 2158 Vocibus
1606 2116 1899 2155 murmuro
1924 2104 1981 2156 et
2002 2115 2234 2154 susurro
2269 2100 2558 2168 verbisque
2581 2100 2710 2157 inde
2746 2101 2886 2155 deri·

523 2191 670 2245 vatis
705 2205 868 2258 saepe
901 2194 1138 2244 utuntur
1189 2192 1438 2242 auctores
1453 2229 1466 2256 ,
1515 2201 1637 2241 cum
1686 2186 1875 2251 agitur
1922 2186 1989 2240 de
2038 2185 2291 2254 turpibus
2338 2186 2602 2254 precibus.
2685 2186 2888 2240 Latina

525 2290 632 2331 vox
665 2289 896 2329 susurro
931 2273 1225 2341 respondet
1260 2287 1490 2341 graecae
1525 2272 1859 2341 ψιθυρίζειν,
1895 2270 1962 2325 cf.
1999 2271 2383 2326 Aristaenetus
2415 2286 2499 2338 ep.
2534 2271 2593 2325 Π
2627 2271 2662 2325 3
2692 2277 2750 2325 et
2787 2271 2884 2340 183

525 2359 773 2415 Clemens
808 2358 1214 2414 Alexandrinus
1248 2363 1432 2411 strom.
1467 2357 1578 2412 VII
1612 2356 1697 2410 43.
1780 2356 1865 2411 De
1907 2355 2131 2411 vocibus
2176 2356 2483 2419 ποππύζειν
2529 2362 2588 2410 et
2633 2357 2888 2423 συρίζειν,

526 2445 710 2514 σιγμός
734 2444 981 2514 aliisque,
1007 2442 1202 2513 quibus
1226 2457 1400 2496 sermo
1423 2457 1706 2512 magorum
1731 2442 2096 2511 significatur,
2122 2442 2190 2496 cf.
2215 2441 2281 2495 A.
2306 2441 2586 2497 Dieterich
2610 2440 2886 2496 Mithrae·

524 2530 749 2601 lituryie
782 2546 833 2598 p.
858 2530 943 2598 34,
965 2528 1051 2597 40,
1076 2528 1172 2594 423
1207 2527 1467 2582 Abraoeas
1489 2543 1541 2595 p.
1566 2527 1634 2580 22
1647 2544 1753 2596 sq.;
1792 2526 1859 2581 R.
1891 2527 2271 2583 Reitzenstein
2291 2526 2656 2581 Poimandaeres
2677 2543 2729 2596 p.
2754 2527 2886 2596 2643

522 2616 775 2684 Wessely
819 2614 1042 2670 Wiener
1073 2611 1503 2679 Denkschriften
1528 2611 1669 2681 phil.
1719 2612 1847 2667 hist.
1887 2612 1966 2669 Ol.
2001 2612 2107 2667 Bd.
2143 2613 2306 2668 XLII
2338 2630 2390 2681 p.
2426 2612 2511 2681 48,
2545 2629 2671 2682 pap.
2707 2613 2887 2667 CXXI

524 2701 627 2756 833
659 2700 1002 2769 ποππυσμός,
1037 2699 1143 2753 834
1176 2697 1488 2768 στενρχμός,
1523 2698 1628 2752 835
1665 2698 1935 2767 συριγμός.
1971 2728 2040 2737 -
2073 2699 2160 2753 Ad
2193 2699 2370 2753 locum
2405 2698 2584 2756 Persii
2617 2703 2722 2754 sat.
2758 2699 2817 2754 II
2853 2699 2887 2752 9

525 2786 626 2840 sub
662 2786 854 2855 linqua
887 2786 1210 2840 murmurat
1245 2783 1596 2839 casaubonus
1632 2788 1865 2839 annotat
1899 2799 2039 2853 quae
2074 2789 2408 2852 sequuntur:
2452 2782 2655 2839 Graeci
2689 2783 2798 2836 ὑπὸ
2834 2781 2888 2835 0'-

527 2868 691 2922 δόντα
728 2870 903 2925 dicere
937 2872 1149 2939 amant,
1197 2885 1312 2924 non
1347 2867 1453 2920 ὑπὸ
1487 2866 1754 2935 γλῶσσαν.
1800 2866 1888 2920 ὑπ’
1924 2865 2127 2921 σ’ὃόντα
2173 2868 2326 2938 apud
2357 2869 2749 2939 Athamwium,
2796 2868 2887 2920 ὑπ’

526 2954 726 3009 ὀδόντα
768 2952 950 3007 λαλεῖν
995 2955 1146 3024 apud
1190 2954 1501 3025 Basiliam,
1550 2997 1563 3010 .
1600 2995 1615 3009 .
1653 2996 1666 3009 .
1702 2953 1857 3009 ἐντὸς
1889 2956 2005 3006 τῶν
2050 2952 2243 3017 χειλῶν
2291 2953 2612 3007 ὑποστένων
2654 2956 2721 3009 de
2765 2958 2887 3010 voto

526 3041 775 3112 improbo
809 3040 1212 3110 Aristaenetus,
1249 3039 1342 3093 cui
1376 3038 1546 3108 affine
1580 3042 1663 3094 est
1695 3039 1849 3108 apud
1892 3040 2302 3095 Tertullianum
2334 3041 2481 3096 labia
2515 3041 2748 3096 vibrare.

700 3128 723 3160 ²
758 3125 1077 3182 simillimus
1124 3130 1210 3181 est
1260 3126 1409 3181 locus
1456 3125 1690 3181 Senecae
1742 3142 1825 3194 ep.
1873 3126 1967 3195 43,
2015 3126 2169 3194 3sq.:
2225 3127 2378 3181 {Iunc
2420 3127 2635 3194 felicem
2681 3142 2793 3181 esse
2838 3130 2889 3181 te

525 3212 728 3283 iudica,
765 3228 890 3267 cum
914 3211 1125 3281 poteris
1156 3211 1225 3265 in
1249 3210 1470 3280 publico
1504 3210 1692 3280 vivere,
1741 3228 1866 3265 cum
1915 3215 1965 3265 te
2004 3211 2251 3281 parietes
2301 3211 2385 3266 tui
2422 3215 2612 3282 tegent,
2648 3227 2762 3266 non
2794 3211 2888 3266 ab·

525 3297 802 3368 scandent,
839 3338 853 3353 .
891 3339 905 3352 .
942 3339 956 3352 .
988 3313 1108 3351 rem
1142 3296 1337 3366 dicam,
1385 3313 1451 3350 ex
1484 3311 1596 3364 qua
1643 3312 1821 3351 mores
1853 3296 2107 3351 aestimes
2140 3300 2389 3352 nostros:
2434 3297 2529 3352 vix
2561 3312 2887 3366 quemquam

528 3383 786 3450 invenies,
822 3382 1119 3452 quipossit
1151 3385 1400 3452 aperto
1435 3381 1623 3436 ostio
1657 3382 1892 3438 vivere
1928 3426 1940 3438 .
1978 3425 1992 3439 .
2031 3383 2148 3438 .sie
2180 3382 2435 3452 vivimus,
2470 3385 2541 3438 ut
2566 3381 2887 3453 deprehendi

528 3469 605 3523 sit
635 3467 818 3522 subito
854 3468 1043 3537 aspici.

706 3551 728 3584 ⁸
762 3554 950 3623 Longe
985 3554 1096 3607 alia
1128 3569 1294 3609 causa
1338 3554 1592 3609 commoti
1625 3554 1860 3610 Romani
1906 3570 2166 3625 persaepe
2211 3554 2308 3625 ita,
2356 3561 2423 3611 ut
2466 3571 2651 3611 omnes
2697 3556 2888 3611 audire

528 3645 765 3709 possent,
801 3637 1178 3708 precabantur.
1246 3640 1364 3695 Hoc
1386 3655 1562 3710 genus
1597 3641 1747 3695 clara
1781 3656 1913 3696 voce
1934 3641 2192 3710 precandi
2225 3642 2285 3695 in
2321 3641 2486 3696 anxia
2519 3641 2886 3696 Romanorum

529 3724 808 3795 religione,
843 3724 903 3779 in
938 3739 1149 3779 summa
1182 3725 1570 3794 superstitione
1602 3726 1842 3795 positum
1888 3733 2024 3781 erat.
2094 3725 2277 3782 Verba
2323 3726 2467 3781 enim
2514 3726 2887 3795 precationum

529 3810 735 3865 mutari
768 3810 923 3865 nefas
959 3825 1075 3864 esse
1110 3810 1334 3881 opinati,
1369 3822 1436 3866 ut
1470 3810 1815 3881 impedirent,
1851 3828 1920 3867 ne
1956 3811 2310 3868 commutatio
2344 3813 2517 3880 fieret,
2552 3812 2888 3867 sacerdotem

528 3894 588 3950 in
622 3895 843 3963 templis
877 3910 1063 3964 preces
1086 3895 1235 3950 clara
1259 3911 1390 3950 voce
1411 3897 1660 3965 proloqui
1682 3896 1946 3953 iubebant
1958 3918 1972 3966 ;
2009 3913 2060 3952 v.
2086 3898 2228 3952 Plin.
2252 3897 2380 3953 hist.
2415 3903 2529 3953 nat.
2554 3897 2801 3952 XXVHI
2823 3898 2887 3966 33

530 3981 809 4036 Iuvenalis
844 3985 947 4037 sat.
984 3981 1066 4035 v1
1099 3980 1230 4035 390:
1264 3980 1437 4037 Stetit
1467 3984 1598 4036 ante
1632 3998 1795 4037 aram
1831 4023 1845 4038 .
1882 4023 1896 4037 .
1935 4024 1947 4037 .
1980 3983 1989 4051 Ι
2020 3982 2092 4037 di
2101 3999 2130 4038 c
2144 3985 2299 4037 tata
2332 3983 2497 4038 verba
2520 3983 2776 4053 pertulit,
2810 3985 2892 4037 ut

418 4112 424 4117 .
529 4082 671 4121 mos
706 4068 837 4135 est;
885 4066 1141 4122 Valerius
1195 4067 1424 4122 Flaccus
1470 4068 1777 4137 Argonaut.
1825 4069 1855 4123 I
1889 4068 2021 4137 685:
2070 4068 2279 4123 Misero
2326 4069 2560 4124 dictat
2608 4067 2714 4137 pia
2758 4072 2889 4124 vota

527 4151 781 4207 sacerdos
816 4152 996 4221 (quem
1032 4153 1209 4208 locum
1245 4152 1411 4209 Sudh.
1446 4169 1658 4209 mecum
1708 4154 2177 4223 communicavit);
2230 4154 2421 4210 Livius
2457 4147 2596 4210 VIII
2629 4155 2679 4224 9,
2716 4155 2768 4210 V
2801 4155 2888 4212 41.

530 4238 613 4292 Of.
660 4238 819 4307 Kopp
854 4237 1293 4308 Palaeoyraphia
1340 4238 1537 4293 critica
1584 4239 1923 4308 (Manheimii
1972 4238 2127 4309 1829)
2173 4240 2262 4294 III
2308 4257 2361 4309 p.
2396 4239 2500 4294 589
2512 4255 2627 4309 sqq.
2664 4271 2731 4279 ——
2766 4241 2889 4295 Huc

529 4337 741 4391 quoque
800 4323 1039 4404 pertinet
1054 4366 1067 4393 ‚
1122 4323 1265 4392 quod
1312 4323 1583 4379 Maximus
1629 4324 2065 4380 Madaurinensis
2122 4325 2181 4379 in
2232 4340 2334 4379 sua
2384 4325 2455 4379 ad
2508 4324 2885 4395 Augustinum
