3509 5067
537 344 647 427 65]
919 343 1146 399 Veteres
1181 340 1483 412 philosophi
1518 341 1783 410 quomodo
1816 340 2186 398 iudicaverint
2220 342 2286 398 de
2319 341 2572 411 precibus
2812 343 2898 410 65

536 513 908 581 numinibus
958 513 1398 596 habebantur,
1456 512 1555 578 ita
1613 510 1771 597 Σιγὴ
1815 530 2070 594 quoque
2131 514 2254 579 dea
2307 512 2667 580 colebatur.
2753 513 2897 580 Iam
2975 529 2982 538 ·

537 616 711 698 apud
724 614 1182 698 Empedoclem
1198 615 1410 700 (Diels
1422 613 1939 696 DieFraqmente
1957 614 2071 679 der
2093 614 2559 680 Vorsokratiker
2570 615 2651 682 fr.
2673 616 2815 697 123,
2830 616 2897 700 3)

534 718 840 802 legimus:
870 723 1003 782 Δῑα
1023 725 1079 782 Σ
1093 740 1146 781 ω
1160 718 1268 803 πή
1295 740 1363 781 τε
1385 717 1495 791 καὶ
1519 720 1802 803 Ὀμφαίη
1827 738 1897 781 τε
1918 723 1988 785 et
2016 717 2244 786 multis
2265 719 2544 786 saeculis
2566 724 2719 801 post
2744 717 2898 804 Σιγὴ

533 824 817 903 apparet
859 822 1034 903 apud
1071 820 1499 888 Valentinum
1538 819 1880 906 (Irenaeus
1900 821 2049 888 adv.
2070 821 2322 887 haeret.
2345 822 2380 888 I
2405 822 2504 904 11,
2527 822 2594 906 5)
2617 823 2659 889 ¹.
2709 822 2898 888 Haec

535 925 660 991 dea
680 925 859 1005 apud
877 922 1041 990 alios
1064 940 1317 1004 quoque
1338 923 1610 1006 populos
1633 922 1992 991 colebatur.
2058 923 2377 991 Gnostica
2398 923 2570 990 enim
2594 924 2718 990 dea
2739 922 2897 1008 ,Σιγὴ

533 1026 888 1109 respondet
921 1025 1398 1109 Aegyptiorum
1428 1026 1608 1103 deae,
1655 1044 1823 1106 quae
1853 1025 2100 1092 dicitur
2127 1025 2333 1090 Mena
2362 1025 2583 1110 (Runa,
2632 1025 2831 1111 Stille)
2852 1026 2896 1093 ².

703 1127 766 1194 E
836 1127 1073 1195 tabula
1142 1127 1400 1211 magica
1467 1129 1751 1209 quadam
1832 1127 2098 1195 Cretica
2168 1129 2248 1195 R.
2321 1128 2618 1195 Wiinsch
2695 1128 2898 1214 (Neue

531 1230 954 1315 Huchtafeln,
1001 1230 1170 1298 Mus.
1213 1231 1422 1297 Rhen.
1462 1230 1586 1297 LV
1633 1231 1803 1298 1900
1845 1250 1906 1313 p.
1952 1232 2037 1297 80
2054 1229 2172 1316 sq.)
2218 1231 2336 1297 hos
2376 1249 2610 1298 versus
2655 1230 2894 1298 edidit:

531 1330 801 1416 Ὄλβιος,
844 1328 926 1397 ὧι
964 1330 1332 1414 undosam
1361 1330 1624 1418 ἐὸαθῆι·
1656 1330 1796 1396 κατ’
1825 1330 2138 1415 ἀμαξιτὸν
2163 1331 2342 1419 ἥκοι·
2390 1332 2894 1419 φρεσσίλλυ-

531 1456 670 1512 τος
712 1433 888 1514 δ’ὃς
944 1432 1130 1521 &xm
1178 1437 1575 1522 μακάρων
1631 1434 1799 1500 κατ’
1858 1433 2275 1518 ἀμαξιτὸν
2332 1433 2653 1502 addar&
2753 1436 2897 1503 Hoc

531 1539 670 1606 loco
713 1557 844 1606 non
886 1540 1158 1621 prodest
1197 1537 1571 1606 hominibus
1622 1538 1884 1621 magica
1949 1537 2245 1605 carmina
2303 1556 2728 1623 murmurare,
2786 1556 2895 1605 su-

531 1659 813 1725 surrare,
853 1641 1152 1723 reticere,
1208 1640 1402 1707 immo
1446 1659 1604 1707 vero
1647 1639 2097 1723 pronuntiare.
2198 1639 2388 1725 Quod
2445 1639 2893 1707 testimonium

530 1744 736 1812 solum
780 1761 899 1826 per
941 1761 1015 1809 se
1059 1745 1218 1826 stat,
1261 1761 1415 1809 nam
1453 1744 1534 1809 de
1578 1741 1903 1809 altissimo
1954 1741 2218 1808 silentio
2261 1744 2432 1809 bene
2491 1742 2681 1810 nobis
2739 1747 2894 1809 noto

530 1845 756 1931 agitur
798 1845 962 1913 locis
1004 1844 1281 1926 reliquis
1319 1845 1435 1927 qui
1479 1851 1865 1927 sequuntur.
1952 1844 2266 1913 Erwinus
2310 1846 2540 1912 Rohde
2576 1844 2849 1930 (Psyche
2865 1843 2895 1883 ⁸

530 1968 592 2031 p.
623 1949 767 2033 223,
798 1966 949 2015 ann.
980 1948 1046 2033 2)
1089 1947 1321 2015 laudat
1351 1947 1576 2014 Photii
1604 1949 1730 2014 lex.
1776 1965 1828 2013 s.
1858 1966 1920 2015 v.
1950 1950 2318 2032 κρείττονες,
2364 1947 2480 2015 ubi
2507 1946 2790 2031 legitur:
2834 1944 2899 2011 οἱ

528 2050 762 2138 ἥρωες·
821 2050 1079 2116 δοκοῦσι
1141 2047 1212 2114 δὲ
1269 2049 1734 2114 κακωτικοὶ
1792 2044 1987 2114 εἶναι·
2048 2048 2135 2114 δι’
2195 2049 2232 2115 ὃ
2289 2047 2402 2113 καὶ
2461 2047 2525 2114 οἱ
2579 2049 2661 2114 τὰ
2716 2047 2897 2134 ἡρῷα

416 2213 432 2224 ,
527 2153 871 2240 παριόντες
941 2173 1091 2218 σιω
1111 2163 1396 2220 πῶσιν.
1511 2152 1868 2219 Narcissus
1938 2158 2114 2220 teste
2172 2152 2425 2219 Rohdio
2499 2157 2605 2220 est
2678 2151 2722 2238 ἥ
2732 2174 2770 2238 ρ
2788 2174 2843 2215 ω
2862 2173 2896 2228 ς

528 2262 583 2319 Σ
599 2278 624 2319 ι
639 2254 835 2340 γηλό
852 2278 915 2339 ς,
997 2256 1180 2322 cuius
1245 2255 1615 2339 sepulcrum
1680 2255 1975 2322 homines
2052 2254 2388 2322 silentium
2462 2254 2894 2324 observantes

531 2358 1216 2442 praetergrediuntur.
1316 2358 1509 2425 Addo
1566 2359 1780 2425 locum
1841 2357 2263 2441 Alciphronis
2320 2376 2421 2439 ep.
2459 2357 2569 2424 III
2611 2357 2697 2424 58
2752 2357 2894 2424 iim:

535 2464 763 2548 Τρέμω
824 2457 1184 2525 ἐνδακὼν
1254 2458 1341 2523 τὸ
1397 2460 1683 2540 χεῖλος
1755 2459 1861 2537 ὡς
1925 2459 2003 2524 οἱ
2059 2458 2201 2525 τὸν
2255 2457 2611 2546 Σιγηλὸν
2665 2458 2895 2545 ἥρωα

531 2583 695 2651 παρ
714 2562 1004 2638 ιόντες.
1092 2564 1361 2630 Laudat
1403 2562 1520 2629 ille
1565 2568 1634 2629 et
1678 2562 1974 2645 Sophocl.
2018 2563 2176 2630 Oed.
2221 2562 2437 2630 Colon.
2486 2562 2612 2630 130
2628 2581 2767 2644 sqq.
2810 2564 2894 2629 de

532 2666 784 2733 Furiis:
820 2664 935 2742 513
961 2663 1648 2752 παραμειβόμεθ’
1678 2663 2133 2751 ἀδέρκτως,
2176 2665 2187 2751 Ι
2225 2663 2607 2750 ἀφώνως,
2640 2663 2895 2749 ἀλόγως

529 2766 616 2832 τὸ
674 2768 870 2845 τᾶςΙ
924 2767 1303 2856 εὐφήμου
1363 2766 1628 2849 στόμα
1686 2765 2153 2855 φροντίδος
2190 2767 2200 2855 Ι
2240 2766 2527 2843 ἱέντες.
2643 2766 2893 2834 Furiae

531 2871 739 2954 igitur
794 2872 1005 2938 tacite
1065 2871 1582 2955 invocabantur,
1655 2870 1736 2939 cf.
1794 2871 1950 2938 Oed.
2010 2870 2226 2938 Colon.
2284 2869 2484 2937 etiam
2545 2870 2673 2937 486
2689 2888 2827 2952 sqq.
2846 2869 2892 2936 ⁴.

706 3042 727 3073 ²
763 3041 845 3096 Cf.
882 3041 1132 3109 wessely
1167 3041 1204 3095 l.
1228 3057 1273 3095 c.
1295 3056 1348 3109 p.
1372 3039 1437 3093 61
1475 3056 1527 3095 V.
1556 3039 1648 3095 12:
1686 3038 1871 3109 σιγή,
1908 3038 2110 3107 σιγὴν
2144 3041 2324 3108 φέρων
2347 3059 2409 3091 τε
2431 3041 2612 3091 πᾶσιν.
2683 3038 2891 3107 Quibus

529 3126 683 3182 addit
717 3125 1126 3182 annot-ationem
1160 3126 1327 3181 hanc:
1362 3124 1532 3180 Solltc
1553 3127 1721 3180 anter
1740 3125 1869 3196 δέρε
1893 3125 2052 3196 Jcnes
2085 3124 2361 3180 weibliche
2391 3124 2734 3195 chenstiick
2765 3141 2892 3179 zum

527 3211 740 3281 Bythos
773 3210 869 3266 der
909 3210 1203 3268 Gnostikcr
1232 3210 1473 3282 qemeint
1512 3210 1646 3278 scin,
1692 3227 1752 3267 so
1800 3211 2040 3266 kc‘innten
2072 3209 2180 3266 wir
2213 3210 2320 3265 den
2353 3210 2621 3281 Papyrus
2650 3226 2893 3280 yenaucr

529 3296 645 3364 auf
669 3296 757 3352 die
799 3296 1222 3353 Valentiniano·
1255 3295 1520 3352 bozichen.
1602 3296 1720 3352 Hoc
1767 3311 1982 3365 quoque
2029 3297 2142 3352 loco
2190 3296 2481 3352 Silentium
2517 3312 2614 3366 pro
2662 3311 2892 3367 persona

530 3381 718 3438 haberi
750 3382 888 3437 mihi
921 3382 1159 3452 videtur,
1198 3388 1263 3438 ut
1297 3382 1641 3438 scribendum
1679 3382 1754 3437 sit
1792 3381 1941 3450 Σιγή.

703 3467 726 3499 ²
780 3468 862 3524 Of.
914 3467 1375 3537 Strauss-Torney
1426 3466 1539 3522 Dic
1591 3466 2032 3538 altdqyptischcn
2088 3467 2306 3523 Gotter-
2356 3467 2475 3522 wnd
2532 3466 2891 3537 Gottcrsaqcn

532 3551 666 3607 1889
700 3553 730 3607 I
763 3570 815 3622 p.
839 3552 944 3606 422
955 3568 1089 3621 sqq„
1126 3553 1222 3621 qui
1255 3553 1490 3610 alterum
1525 3557 1744 3622 praeter
1779 3554 1880 3608 hoc
1916 3553 2124 3608 silentii
2159 3553 2416 3608 altissimi
2450 3568 2653 3608 numen
2697 3552 2889 3608 laudat

534 3636 688 3692 Gorh
723 3637 940 3708 (Balce).

704 3723 726 3755 ⁸
759 3723 1005 3779 thnsch
1036 3724 1172 3779 haec
1206 3723 1374 3778 verba
1406 3728 1591 3779 nostro
1626 3738 1875 3779 sermone
1907 3723 2334 3792 interpretatur:
2371 3721 2519 3793 Scliy
2554 3721 2652 3778 der
2685 3722 2886 3793 Manu,

529 3806 650 3861 dem
684 3806 773 3862 die
792 3807 1077 3863 Kermtm's
1099 3807 1196 3864 der
1217 3807 1673 3876 Zaubcrformcln
1704 3825 1776 3863 zu
1803 3808 1960 3864 Reiz
1982 3807 2169 3863 wwdc
2192 3849 2206 3863 .
2232 3852 2245 3864 .
2274 3849 2287 3862 .
2322 3807 2436 3863 Dic
2469 3807 2643 3863 Sinnc
2674 3807 2889 3864 werden

527 3892 649 3947 dem
681 3892 895 3948 Manno
928 3893 1197 3965 omit-rt,
1233 3893 1330 3949 der
1364 3892 1625 3961 auf‘dcm
1654 3893 2097 3964 Gcspcnsterwcq
2133 3893 2243 3948 dic
2281 3893 2571 3950 Stimmc
2605 3893 2888 3962 anhalt,

526 3977 577 4033 d.
614 3979 663 4034 h.
701 3978 790 4034 die
821 3978 1093 4049 richtiqen
1124 3978 1795 4051 Beschworunqsformcln
1830 3979 1989 4035 nicht
2019 3979 2451 4050 amzusprechcn
2483 3979 2621 4046 wciss
2647 4023 2661 4037 .
2687 4021 2701 4035 .
2728 4021 2742 4035 .
2776 3995 2889 4034 wer

526 4065 605 4118 sic
628 4106 642 4119 .
669 4107 682 4120 .
706 4064 863 4119 nicht
885 4064 1055 4119 'amnt
1083 4064 1226 4119 und
1257 4064 1409 4120 sich
1441 4082 1576 4120 nur
1610 4064 1832 4120 durch
1854 4064 2254 4135 Schwciqcn
2288 4082 2409 4120 vor
2442 4063 2570 4120 den
2591 4064 2888 4135 μάκαρες

525 4165 607 4203 zu
639 4149 974 4205 schiitzcn
1007 4150 1241 4221 sucht,
1288 4153 1421 4217 muss
1458 4150 1722 4222 yewiirtiy
1765 4150 1915 4221 sein,
1963 4149 2073 4217 dass
2112 4150 2193 4206 sic
2237 4150 2355 4205 ihm
2401 4149 2575 4206 durch
2621 4149 2741 4206 ihre
2774 4150 2887 4205 Er·

525 4233 821 4306 scheinwnq
855 4234 961 4290 den
993 4235 1139 4290 Simu
1171 4235 1480 4292 vcrwirrcn.

696 4319 723 4351 ⁴
766 4320 1059 4377 Furiarum
1105 4322 1411 4378 sacerdotes
1464 4321 1533 4376 ab
1579 4321 1897 4390 Hesycho
1944 4321 2054 4377 orti
2099 4337 2217 4378 esse
2262 4322 2617 4392 putabantur.
2670 4317 2887 4391 Ἠρωσ

629 4420 1272 4478 Religionsgeschichtliche
1297 4422 1540 4471 Versuche
1566 4434 1615 4469 u.
1639 4424 1956 4470 Vorarbeiten
1984 4422 2061 4469 IV.
2541 4407 2576 4461 5
