3509 5067
609 361 692 427 68
1339 413 1344 418 .
1515 357 1782 414 Henricus
1816 358 2062 415 Schmidt
2854 359 2967 447 [68

778 530 1066 614 Mystica
1119 531 1402 611 quadam
1461 528 1971 596 inflammatione
2031 528 2234 596 animi
2288 521 2580 597 adducti
2615 535 2686 599 et
2743 529 2967 599 divino

605 632 848 716 spiritu
914 632 1104 714 quasi
1164 631 1381 699 afflati
1437 650 1659 699 omnes
1702 632 1807 698 illi
1868 650 2027 714 quos
2071 632 2274 699 attuli
2317 632 2673 717 scriptores
2718 633 2969 701 ethnici

606 735 883 803 tacitam
928 734 1374 818 precationem
1420 734 1914 818 praedicabant,
1959 753 2091 816 qua
2121 737 2319 802 ardor
2364 736 2568 803 animi
2610 737 2902 803 eluceret
2921 739 2965 803 ².

605 839 892 905 Easdem
914 855 1070 904 vero
1095 838 1306 904 tacite
1329 838 1643 920 precandi
1673 855 1910 903 causas
1935 841 2138 918 atque
2159 837 2263 904 illi
2290 837 2576 905 afferunt
2598 838 2966 905 Christiani

604 946 675 1008 et
718 958 918 1022 saepe
959 937 1202 1007 eisdem
1245 945 1367 1006 aut
1424 939 1749 1007 similibus
1810 940 2050 1008 verbis,
2150 940 2531 1007 Clemens
2590 941 2965 1008 Alexan-

604 1045 647 1110 d
661 1044 736 1110 ri
751 1062 795 1109 n
810 1062 855 1109 u
869 1061 902 1109 s
961 1041 1237 1108 tacitam
1294 1042 1742 1124 precationem
1808 1044 2247 1127 commendat,
2324 1062 2453 1125 qua
2511 1044 2768 1111 animus
2820 1063 2967 1127 pre-

603 1145 819 1212 cantis
864 1147 985 1212 deo
1028 1148 1263 1211 narret
1281 1144 1325 1228 ²,
1369 1146 1526 1211 dum
1569 1164 1697 1214 vox
1740 1163 1886 1211 cum
1922 1144 2291 1212 hominibus
2319 1145 2476 1212 solis
2520 1146 2965 1213 communicet.

603 1249 771 1315 Nam
828 1246 1085 1314 animus
1148 1246 1425 1314 hominis
1486 1250 1573 1314 ad
1639 1249 1833 1313 deum
1898 1266 1972 1314 se
2036 1252 2305 1314 vertens
2371 1248 2569 1315 labiis
2629 1248 2966 1331 precantis

603 1350 987 1433 compressis
1030 1349 1248 1416 omnia
1290 1351 1377 1416 ad
1423 1351 1615 1417 deum
1658 1349 1914 1432 perfert
1943 1369 2103 1417 voce
2132 1349 2334 1417 animi
2362 1350 2644 1433 propria.
2733 1351 2965 1418 Strom.

602 1452 738 1520 VII
765 1454 850 1520 43
880 1454 1034 1539 (856
1064 1452 1298 1539 Pott.):
1339 1448 1428 1516 Εἰ
1471 1450 1606 1534 δὲῆ
1650 1450 1834 1538 φωνὴ
1877 1451 1986 1516 καὶ
2022 1450 2059 1535 ἡ
2102 1451 2274 1532 λέξις
2314 1460 2425 1539 τῆς
2465 1453 2740 1539 νοήσεως
2779 1454 2967 1540 χάριν

601 1677 876 1729 stummen
908 1673 1150 1743 Sprache
1184 1673 1276 1728 des
1310 1673 1560 1728 Hei-zeus
1595 1672 1680 1727 als
1696 1667 2129 1744 &pythagoreisch
2163 1673 2477 1728 bezeichnct.
2548 1673 2644 1730 Sic
2673 1672 2864 1744 yeho'rt
2896 1690 2967 1728 zu

601 1759 707 1815 den
740 1759 1096 1830 allycmcincn
1140 1759 1430 1828 reli-cidem
1473 1758 1892 1829 Vorstcllunyen
1938 1758 2036 1814 der
2069 1758 2209 1814 Zeit.
2304 1759 2481 1814 Wcim
2531 1758 2627 1814 der
2681 1758 2966 1827 Verfasser

602 1845 700 1900 der
743 1845 1272 1915 Naasseneiprediyt
1314 1845 1379 1899 in
1425 1844 1546 1900 clem
1594 1844 1877 1915 anyeblich
1924 1844 2439 1901 anakreontcischeu
2486 1845 2656 1901 Diade
2670 1860 2689 1899 .·
2733 1843 2769 1895 οἱ
2783 1842 2859 1896 λά
2873 1842 2905 1896 λ
2918 1865 2965 1909 ῳ

602 1927 860 1982 λαλοῦν
895 1933 1115 1996 σιωπῇ
1149 1931 1284 1998 licat,
1322 1948 1383 1986 so
1415 1930 1619 2001 folyert
1651 1948 1710 1985 cr
1744 1929 1938 2000 sofort,
1988 1930 2098 1997 ἆαβ
2129 1947 2185 1986 es
2219 1929 2335 1986 sicli
2368 1946 2466 1986 um
2500 1931 2592 1985 cin
2627 1930 2966 2001 Mystcrium

602 2015 841 2071 handelt.
911 2017 1061 2072 Idem
1098 2016 1169 2071 ad
1202 2016 1371 2073 verba
1416 2012 1598 2080 didi-q»
1645 2012 1845 2067 λαλοῦν
1880 2018 2055 2082 σιωπῇ
2089 2017 2285 2071 laudat
2318 2034 2371 2086 p.
2406 2016 2491 2085 91,
2529 2032 2653 2071 ann,
2689 2017 2724 2070 2
2758 2017 2967 2071 Antho-

600 2102 803 2172 logiam
837 2101 1152 2157 Palatinam
1189 2101 1301 2157 VH
1333 2102 1448 2172 193,
1486 2102 1521 2154 4
1555 2106 1614 2157 et
1647 2101 1767 2170 641,
1802 2101 1863 2156 2:
1901 2099 2246 2170 Ἀγλώσσῳ
2289 2100 2774 2170 φθεγγόμενος
2810 2102 2966 2152 στό-

601 2209 643 2246 a
658 2206 736 2238 ατ
750 2208 784 2241 ι.
832 2217 901 2226 -
946 2189 1029 2242 De
1078 2187 1514 2242 Christianorum
1567 2186 1753 2241 tacitis
1801 2186 2208 2256 precationibus
2255 2188 2440 2256 eisque
2474 2187 2720 2255 mysticis
2754 2187 2880 2242 vide
2913 2188 2964 2242 Ο.

601 2273 826 2328 ΖδοῙζΙθι·
869 2272 1067 2328 Askese
1112 2272 1230 2327 und
1274 2272 1601 2327 M‘o‘nchtum
1650 2273 1681 2326 I
1716 2289 1768 2342 p.
1819 2273 1951 2327 247:
2002 2272 2398 2343 Hcrzcnsyebet
2443 2272 2645 2343 (oratio
2691 2272 2964 2342 mentalis,

598 2358 1076 2428 supernaturalis).
1098 2401 1110 2413 .
1133 2400 1145 2413 .
1168 2400 1180 2413 .
1201 2358 1342 2428 (Der
1375 2357 1561 2413 stilleii
1590 2357 1992 2429 Batrachtuny,
2027 2357 2507 2427 Kontcmplation)
2541 2357 2684 2412 sieht
2714 2374 2849 2412 maii
2885 2357 2967 2412 be-

599 2443 823 2499 sonders
858 2443 945 2498 die
978 2443 1240 2514 mystisch
1270 2443 1601 2514 gerichtetcn
1629 2443 1867 2499 Askcten
1900 2443 2018 2498 sich
2052 2443 2373 2514 bcfleissiyen,
2410 2443 2641 2498 walchen
2663 2442 2751 2497 dic
2772 2446 2964 2509 c‘iusser-

602 2528 738 2585 liche
779 2528 955 2585 Weiss
989 2528 1080 2583 des
1115 2528 1438 2599 offmaliycn
1462 2529 1652 2583 lauteri
1674 2529 1878 2583 Belem
1914 2528 2031 2599 (der
2055 2529 2237 2584 oratio
2272 2528 2518 2595 verbalis,
2554 2528 2777 2599 vocalis)
2812 2528 2969 2584 nicht

598 2617 813 2685 yenuqt.
880 2614 1031 2669 Idem
1066 2631 1120 2684 p.
1156 2614 1260 2669 248
1293 2615 1540 2670 ostendit
1572 2614 1685 2669 iam
1719 2614 1780 2670 in
1815 2615 2109 2670 Iustiniani
2156 2615 2371 2685 legibus
2411 2616 2652 2670 claustra
2686 2614 2966 2670 nominata

602 2716 720 2757 esse
755 2698 1145 2769 φροντιστήρια
1180 2706 1239 2755 et
1271 2698 1615 2765 ἧσυχαστή
1637 2720 1769 2769 ρια.

777 2803 798 2835 ¹
833 2803 913 2859 Of.
967 2803 1028 2859 P.
1068 2803 1377 2858 Wendland
1423 2803 1537 2858 Dic
1582 2802 2239 2858 hellenistisch-romischc
2284 2802 2500 2857 Kullur
2545 2802 2609 2857 in
2654 2801 2813 2856 ihren
2861 2800 2965 2855 Bc-

598 2889 898 2959 zichuuqcn
930 2906 1001 2942 zu
1027 2887 1337 2945 Judentum
1367 2888 1483 2943 und
1511 2888 1882 2944 Christentum
1908 2889 2039 2944 1907
2069 2906 2122 2959 p.
2146 2889 2242 2944 48:
2277 2887 2586 2959 Schweiycm
2608 2887 2709 2941 das
2731 2885 2971 2941 Zeichen

601 2974 825 3029 iuncrer
857 2973 1270 3045 Erffliffmhcit.
1352 2974 1574 3030 Laudat
1608 2976 1916 3030 Musonium
1963 2974 2066 3045 (ed.
2103 2974 2306 3044 Hense)
2351 2991 2403 3043 p.
2440 2974 2544 3028 130
2554 2990 2651 3042 sq„
2701 2988 2807 3041 quo
2853 2972 2968 3026 loco

599 3061 867 3131 legimus:
908 3059 1168 3130 Quisquis
1200 3059 1295 3114 ille
1329 3063 1425 3129 est,
1463 3060 1559 3129 qui
1596 3060 1761 3115 audit
1793 3061 1928 3132 (scil.
1958 3060 2380 3131 philosophum),
2417 3059 2534 3114 ‘nisi
2567 3059 2658 3113 illc
2694 3060 2775 3113 est
2797 3056 2971 3126 plane

599 3146 926 3216 deperditus,
962 3145 1113 3200 inter
1144 3146 1328 3215 ipsam
1352 3146 1675 3216 philosophi
1711 3146 2017 3202 orationem
2051 3148 2105 3201 et
2131 3146 2514 3216 perhorrescat
2546 3160 2754 3199 ‘neccsse
2792 3144 2875 3197 est
2914 3145 2971 3196 et

592 3231 861 3302 pudeat
894 3231 1168 3286 tacitus
1203 3235 1258 3287 ct
1281 3232 1584 3301 paeniteat.
1670 3232 1880 3287 Gellius
1915 3232 2070 3287 Noct.
2106 3232 2327 3287 Atticae
2361 3231 2414 3287 V
2449 3230 2496 3300 1,
2535 3230 2630 3300 qui
2666 3231 2842 3285 locum
2879 3243 2971 3283 ex-

600 3317 802 3386 cerpsit
847 3317 1094 3387 Musonii,
1142 3317 1337 3372 laudat
1382 3317 1539 3373 Hom.
1577 3317 1674 3373 od.
1712 3318 1855 3372 XIII
1891 3317 1922 3370 1
1943 3334 2050 3386 sq.:
2090 3314 2181 3371 Ὣς
2227 3315 2396 3385 φάτο,
2443 3319 2530 3367 τοὶ
2566 3312 2611 3366 δ’
2631 3312 2736 3383 ἄρα
2771 3311 2971 3366 πάντες

601 3401 768 3466 ἀκὴν
802 3403 1131 3468 ἐγένοντο
1180 3404 1422 3468 σιωπῇ,
1470 3403 1478 3472 Ι
1521 3399 1790 3466 κηληθμῷ
1825 3398 1870 3453 δ’
1899 3404 2123 3464 ἔσχοντο
2159 3400 2296 3452 κατὰ
2341 3403 2552 3469 μέγαρα
2589 3400 2855 3456 σκιόεντα,
2903 3428 2973 3436 -

598 3487 792 3543 Tacite
828 3503 1040 3557 quoque
1075 3489 1273 3558 legunt
1305 3488 1549 3543 homines
1584 3488 1743 3544 valde
1779 3488 2050 3557 commoti,
2099 3488 2242 3555 quod
2276 3487 2508 3557 vulgato
2542 3492 2790 3542 veterum
2825 3485 2966 3540 mori

597 3574 759 3644 plane
794 3574 1124 3630 contrarium
1161 3579 1261 3629 est.
1333 3574 1468 3629 Cum
1505 3573 1812 3644 Augustini
1845 3573 2059 3629 verbis:
2108 3572 2245 3643 Lcyi
2293 3572 2359 3626 in
2405 3572 2621 3627 silentio
2657 3571 2969 3640 capitulum

598 3659 782 3728 (Sudh.
836 3676 889 3728 p.
934 3659 1054 3730 191)
1108 3659 1178 3714 H.
1226 3660 1431 3715 Schone
1483 3660 1693 3715 confert
1740 3660 1951 3730 locum,
2007 3675 2168 3727 quem
2221 3658 2551 3714 auctoritate
2600 3657 2717 3712 eius
2769 3662 2968 3725 repeto,

596 3744 898 3800 Ptolemaei
942 3748 1069 3815 περὶ
1114 3748 1390 3815 κριτηρίου
1442 3748 1532 3795 καὶ
1576 3743 1901 3811 ἡγεμονικοῦ
1935 3762 1986 3814 p.
2025 3745 2165 3800 VIII
2200 3744 2438 3798 Hanow:
2490 3741 2653 3794 Κατὰ
2695 3740 2794 3796 τὰς
2839 3740 2969 3791 οἰνα-

592 3829 815 3898 γνώσεις
839 3828 1021 3889 αὐτοῖς,
1060 3825 1134 3882 ἄν
1156 3826 1366 3899 σφόδρα
1387 3834 1530 3882 τισὶν
1553 3830 1943 3896 ἐπιστήσωμεν,
1977 3828 2225 3895 ἡσυχία
2243 3849 2277 3879 ν
2313 3824 2532 3898 ἄγομεν.
2592 3828 2797 3883 Contra
2820 3827 2968 3881 clara

596 3931 726 3972 Voce
759 3915 967 3985 legitur
1003 3916 1213 3971 Oribafl.
1247 3917 1278 3970 I
1310 3916 1414 3969 463
1447 3916 1812 3985 Daremberg:
1849 3912 2289 3982 Ἀναγιγκαίσκειν
2321 3912 2359 3963 οἰ
2377 3933 2407 3963 κ
2423 3932 2454 3964 ο
2472 3931 2595 3964 υστ
2611 3910 2703 3967 όν.

771 4002 795 4033 ’²
828 4003 1024 4057 Patres
1058 4001 1413 4057 ecclesiastici
1446 4001 1673 4057 ludicris
1709 4001 1852 4070 istis,
1888 4017 1958 4057 ne
1993 3999 2172 4056 dicam
2209 4000 2482 4068 oxymoris
2516 3999 2723 4068 favent,
2772 4002 2837 4052 ut
2870 4012 2969 4052 nos

595 4102 808 4154 quoque
843 4087 1072 4143 dicimus
1099 4086 1357 4143 Beredtes
1382 4087 1704 4157 Schweiqen.
1774 4087 2132 4143 Ethnicorum
2167 4086 2410 4141 conferas
2433 4084 2829 4140 Philostratum
2865 4081 2963 4137 vit

595 4172 844 4241 Apollon.
890 4174 935 4242 I,
973 4174 1031 4228 1:
1065 4168 1182 4225 Ὅτι
1220 4176 1311 4223 καὶ
1354 4170 1437 4224 τὸ
1484 4173 1754 4223 σιωπᾶν
1798 4168 2025 4239 λόγος,
2077 4177 2135 4226 et
2180 4171 2261 4226 VI
2308 4170 2373 4224 11
2424 4169 2693 4234 σιωπῆς
2741 4166 2966 4233 λόγου.

596 4257 797 4313 Plotin.
822 4258 1067 4313 Ennead.
1092 4260 1174 4314 VI
1196 4259 1244 4328 7,
1269 4258 1338 4311 34
1374 4259 1608 4308 σιωπῶ
1621 4277 1701 4309 σα
1736 4253 1938 4322 λέγει.
1980 4257 2092 4313 Hos
2117 4257 2258 4311 locos
2277 4255 2524 4327 invenies
2548 4255 2693 4325 apud
2718 4254 2787 4309 H.
2812 4253 2965 4308 Koch

595 4343 634 4397 1.
667 4359 713 4400 c.
750 4349 1051 4413 congestos.
1089 4374 1156 4384 —
1193 4344 1275 4399 of.
1316 4343 1516 4400 Catull.
1551 4344 1632 4398 VI
1668 4343 1728 4397 7:
1771 4342 2096 4397 Tacitum
2134 4340 2307 4396 cubile
2342 4340 2624 4395 clamat.

3481 1251 3496 1682 -ι--ὑ-ιι-ἒ--ι-...ι
3481 1125 3488 1182 -——
3483 1009 3494 1102 ...---
3481 795 3492 948 -κ...-..--·-
3481 641 3490 694 ..--
3473 511 3487 564 -u
3479 467 3484 480 ο-
