3509 5067
652 431 734 495 16
1556 429 1827 485 Henricus
1862 428 2104 483 Schmidt

648 603 913 666 constat
932 600 977 665 1.
1094 599 1197 666 De
1257 602 1530 665 auctore
1603 603 1673 665 et
1744 601 2040 681 tempore
2115 598 2363 682 dialogi
2386 600 2427 685 2,
2500 603 2579 669 A.
2637 603 3011 672 Boeckhius

649 721 733 769 ex
789 720 885 785 eo,
945 702 1116 783 quod
1169 719 1231 783 p.
1277 700 1540 768 139130
1600 702 1689 767 ad
1757 700 1926 767 illud
1983 703 2361 784 paradoxon
2434 701 2535 767 ὅτι
2590 714 2725 782 πᾶς
2781 704 3013 793 ἄφρων

646 806 942 887 μαίνεται
998 803 1374 888 respicitur,
1440 803 1711 887 collegit
1772 802 2105 887 dialogum
2164 804 2413 871 editum
2463 824 2608 874 esse
2667 827 2796 890 quo
2845 819 3006 877 tem-

648 917 804 991 pore
869 906 1234 974 Stoicorum
1319 905 1576 973 familia
1637 904 1969 972 floruisset
1988 905 2033 972 8.
2123 906 2499 973 Andreatta
2518 908 2565 991 ⁴,
2650 910 3007 996 Steinhart,

647 1009 1212 1077 Schleiermacher
1287 1009 1684 1091 interpretes
1772 1007 2049 1090 cynicae
2122 1013 2345 1075 sectae
2416 1028 2575 1091 opus
2642 1030 2787 1079 esse
2867 1015 3003 1082 exi-

647 1113 1088 1179 stimaverunt
1101 1162 1118 1196 ,
1229 1130 1372 1178 cum
1461 1129 1676 1193 nuper
1744 1110 2030 1177 Bicke1⁵
2132 1111 2467 1195 dialogum
2555 1132 2596 1179 a
2681 1118 3005 1184 sectatore

648 1215 915 1283 scholae
958 1214 1307 1281 Arcesilae
1350 1212 1776 1296 compositum
1822 1231 1985 1297 esse,
2027 1213 2239 1281 medio
2296 1214 2509 1297 igitur
2566 1219 2685 1281 aut
2729 1222 3007 1284 exeunte

646 1315 847 1385 tertio
892 1337 952 1383 a.
982 1317 1129 1383 Chr.
1159 1336 1223 1383 n.
1246 1316 1512 1383 saeculo
1557 1315 1906 1383 coniceret.
1994 1317 2246 1383 Auctor
2285 1316 2357 1383 in
2386 1317 2646 1401 dialogo
2675 1319 3009 1386 condendo

645 1419 813 1486 illud
854 1419 1177 1501 imprimis
1221 1419 1590 1501 spectabat,
1633 1423 1710 1486 ut
1754 1420 2036 1503 doceret,
2079 1420 2248 1501 quod
2292 1419 2574 1487 comicus
2611 1419 2875 1502 quidam
2903 1420 3008 1487 his

647 1521 869 1591 verbis
913 1521 1276 1604 expressit:
1335 1521 1444 1608 Μή
1483 1542 1601 1603 μοι
1641 1520 1893 1603 γένοιθ’
1937 1522 1980 1584 ἃ
2032 1520 2320 1605 βούλομ’,
2380 1520 2518 1585 ἀλλ’
2576 1525 2620 1587 ἃ
2677 1525 3008 1609 συμφέρει.

647 1625 1017 1693 Secundum
1079 1626 1520 1691 Andreattam
1598 1624 1761 1692 libri
1833 1630 2295 1708 argumentum
2359 1625 2482 1691 hoc
2561 1630 2695 1693 est:
2773 1626 3012 1691 Auctor

647 1728 835 1794 libelli
872 1732 1071 1811 putat,
1113 1746 1270 1811 quae
1309 1727 1442 1790 sint
1483 1727 1686 1810 utilia,
1730 1747 1803 1790 ea
1844 1728 2029 1791 etiam
2071 1726 2233 1791 bona
2274 1746 2417 1793 esse.
2470 1726 2772 1793 Universa
2812 1730 3011 1810 iqitur

645 1830 981 1912 disputatio
1036 1850 1103 1894 eo
1157 1830 1423 1912 pertinet
1462 1834 1534 1893 ut
1587 1828 1881 1893 doceatur
1914 1849 2136 1910 preces
2170 1828 2319 1911 fieri
2373 1849 2501 1893 non
2549 1849 2744 1913 posse,
2802 1837 2876 1895 ut
2930 1831 3011 1896 ab

645 1933 865 2015 optimi
939 1933 1284 2015 cognitione
1351 1932 1768 2014 seianyantur
1783 1932 1826 1997 ⁶.
1948 1931 2182 1997 Multis
2252 1931 2416 1998 locis
2488 1932 2855 2000 Alcibiadis
2916 1933 3007 2000 H.

647 2035 963 2102 honestas
1035 2034 1190 2100 illas
1263 2035 1346 2100 de
1415 2033 1518 2100 dis
1591 2038 1661 2101 et
1731 2033 2222 2115 precationibus
2294 2034 2631 2117 opiniones
2710 2034 3009 2120 legimuS,

644 2156 809 2219 quas
845 2139 1022 2220 apud
1051 2136 1386 2204 Socratem
1417 2140 1487 2203 et
1512 2137 1859 2204 Platonem
1888 2135 2313 2220 repperimus,
2357 2138 2477 2203 sed
2505 2137 2706 2203 etiam
2743 2143 3004 2205 senten-

645 2241 781 2307 tias
823 2260 866 2307 a
906 2240 1189 2307 Platone
1232 2246 1305 2306 et
1347 2240 1618 2307 Socrate
1661 2238 1938 2322 alienaS,
2005 2238 2197 2305 immo
2241 2258 2463 2306 eorum
2508 2239 2704 2306 dictis
2749 2246 3005 2308 contra-

643 2343 800 2409 riaS.
910 2341 1216 2425 Exempli
1276 2360 1476 2410 causa
1530 2341 1863 2409 notionem
1919 2340 2355 2423 malignorum
2410 2343 2746 2407 numinum
2805 2342 3006 2410 affero

644 2449 716 2511 et
759 2447 932 2527 quod
961 2445 1269 2512 Socrates
1309 2445 1474 2511 dicit
1502 2464 1562 2527 p.
1596 2445 1722 2511 143
1767 2462 2246 2525 nonnumquam
2290 2443 2522 2510 melius
2567 2461 2710 2511 esse
2753 2444 3006 2512 nescire

645 2547 898 2629 aliquid
929 2566 1123 2629 quam
1155 2547 1343 2614 scire.
1431 2547 1678 2614 Contra
1708 2546 1981 2614 Socrate
2012 2551 2083 2613 et
2110 2546 2395 2614 Platone
2438 2547 2640 2631 digna
2683 2547 2872 2614 nobis
2900 2566 3003 2615 oc-

643 2655 918 2716 currunt
962 2669 1027 2732 p.
1062 2651 1183 2715 141
1202 2667 1356 2733 sqq„
1406 2668 1534 2731 quo
1579 2650 1719 2716 1000
1778 2650 2031 2715 stultae
2073 2654 2542 2716 enumerantur
2576 2650 3006 2734 precationes»,

643 2770 818 2834 quae
840 2751 1197 2818 exauditae
1221 2751 1651 2833 precantibus
1673 2751 1836 2834 ipsis
1859 2751 2065 2819 exitio
2087 2756 2259 2835 sunt,
2281 2752 2385 2818 ita
2400 2757 2475 2818 ut
2496 2752 2761 2835 saepius
2782 2752 3006 2834 paullo

642 2859 793 2937 post
835 2858 996 2922 vota
1053 2859 1503 2921 retractentur
1545 2860 1616 2921 et
1672 2854 1741 2921 in
1783 2854 2045 2920 irritum
2089 2854 2525 2922 vindicentur.
2614 2855 3005 2923 Laudantur

641 2962 873 3039 poetae
918 2957 1252 3023 cuiusdam
1283 2959 1520 3026 verba:
1563 2955 1672 3034 ’Ὃς
1699 2954 1881 3021 δοκεῖ
1903 2978 2020 3038 μοι
2052 2955 2274 3042 φίλοις
2300 2955 2590 3042 ἀνοήτοις
2614 2956 2749 3021 τισὶ
2770 2959 3002 3044 χρησά-

639 3081 849 3140 μενος,
881 3057 1051 3145 δρῶν
1079 3057 1312 3135 αὐτοὺς
1338 3057 1451 3122 καὶ
1479 3061 1875 3145 πράττοντας
1900 3058 2011 3123 καὶ
2041 3056 2424 3141 εὐχομένους
2451 3056 2622 3140 ἅπερ
2652 3059 2726 3124 οὗ
2754 3058 3005 3143 βέλτιον

827 3299 846 3331 ¹
880 3298 961 3355 Cf.
997 3300 1067 3354 H.
1104 3300 1313 3355 Usener
1356 3297 1562 3353 Nachr.
1598 3297 1697 3352 der
1736 3296 1887 3353 Gatt.
1929 3296 2217 3353 Gesellsch.
2253 3297 2406 3367 1892,
2440 3314 2494 3367 p.
2528 3296 2633 3352 483
2644 3313 2759 3366 sqq.

817 3383 843 3415 ⁸
876 3382 1138 3440 Nonnulli
1172 3384 1268 3453 qui
1302 3383 1597 3439 secundum
1620 3383 1824 3439 Athen.
1847 3383 1931 3438 XI
1952 3400 2005 3452 p.
2030 3382 2133 3437 506
2146 3384 2187 3438 C
2221 3383 2570 3453 Xenophonti
2604 3383 2806 3439 librum
2839 3384 3001 3440 attri-

642 3468 898 3539 buerunt,
933 3470 1051 3525 sine
1086 3469 1251 3525 dubio
1285 3470 1460 3525 multo
1495 3485 1530 3524 a
1558 3474 1712 3525 recta
1745 3468 1842 3524 via
1876 3469 2286 3524 aberraverunt.

817 3554 841 3586 ⁸
875 3554 1141 3611 Similiter
1173 3555 1386 3611 iudicat
1419 3554 1724 3611 Stallbaum
1761 3554 1821 3609 in
1853 3554 2192 3623 praefatione
2228 3553 2449 3623 dialogi.

813 3640 840 3672 ⁴
871 3640 962 3695 De
996 3639 1150 3708 libro,
1203 3639 1298 3709 qui
1330 3639 1640 3695 Alcibiadis
1689 3639 1919 3695 secandi
1966 3655 2166 3694 nomen
2210 3638 2276 3693 in
2324 3639 2513 3708 fronte
2557 3638 2719 3709 gerit,
2773 3638 3001 3695 Pwtoni

640 3724 1012 3780 abiudicamlo
1048 3724 1374 3795 disputatio.
1451 3725 1656 3796 Gymn.
1692 3725 1888 3796 Proyr.
1926 3724 2136 3781 Trient.
2173 3725 2325 3779 1870.

818 3812 844 3845 ⁶
874 3810 995 3865 Ein
1029 3811 1239 3881 Dialoy
1284 3827 1390 3865 aus
1436 3810 1533 3865 der
1565 3810 1865 3866 Akademie
1910 3810 2003 3866 cles
2040 3810 2337 3881 Arkesilas,
2384 3810 2548 3865 Arch.
2582 3811 2626 3879 f.
2669 3809 2861 3866 Gesch.
2905 3809 3005 3864 der

639 3895 847 3953 Philon.
883 3896 1046 3953 XVII
1080 3913 1134 3965 p.
1169 3897 1399 3966 460sqq.

815 3982 841 4015 ⁶
872 3982 958 4037 De
991 3982 1186 4038 ultimo
1230 3988 1289 4038 et
1323 3999 1532 4038 summo
1568 3982 1776 4053 dialogi
1822 3982 2059 4037 auctoris
2105 3981 2379 4052 proposito
2425 3996 2608 4036 omues
2653 3981 3001 4037 consentiunt

642 4066 751 4122 viri
796 4067 970 4138 docti,
1028 4083 1137 4123 uno
1185 4074 1409 4137 excepto
1468 4065 1957 4123 Schleiermachero
1971 4110 1985 4135 ,
2043 4067 2139 4136 qui
2184 4067 2345 4122 dicit:
2400 4066 2658 4123 Genauer
2703 4064 3003 4121 betraclttet

641 4150 745 4206 soll
775 4152 948 4222 yewiss
977 4153 1121 4208 anch
1153 4152 1296 4208 nack
1331 4152 1430 4207 cler
1461 4153 1692 4209 Absicht
1725 4153 1818 4208 des
1865 4152 2010 4220 Verf.
2048 4151 2138 4207 die
2170 4153 2349 4207 Lehre
2380 4168 2505 4207 vom
2544 4150 2717 4207 Gebet
2741 4150 3004 4221 yarnicht

606 4307 612 4313 ·
642 4236 740 4291 cler
772 4237 1158 4307 Hauptinhalt
1189 4238 1282 4293 dee
1321 4238 1659 4309 Gceprc’iches
1704 4239 1840 4310 sein,
1888 4238 2126 4293 sondcrn
2159 4237 2262 4292 das
2292 4254 2402 4292 von
2446 4236 2568 4292 dem
2603 4235 3000 4307 Vernt'lnftiyen

639 4322 759 4377 und
791 4338 899 4378 von
932 4322 1054 4378 dem
1097 4323 1572 4395 Unvcrm‘inftiyen
1607 4324 1727 4379 und
1773 4340 1881 4380 von
1913 4325 2038 4379 clem
2097 4323 2465 4380 Verha‘ltnisse
2510 4321 2746 4378 anderer
2777 4322 3001 4378 Kilnste

641 4408 761 4463 ‘and
807 4408 1270 4478 wissenschaften
1302 4427 1373 4465 zu
1407 4410 1506 4466 der
1539 4410 1632 4466 des
1673 4410 1862 4466 Galen
1894 4409 2014 4465 and
2047 4408 2268 4464 Besten.
