3509 5067
651 313 734 378 62
1554 313 1826 387 Henricus
1859 257 2102 370 Schmidt
2898 317 3009 404 [62

649 482 1002 546 occiderunt
1045 483 1136 546 vel
1179 483 1347 546 mala
1376 482 1823 547 medicamenta
1860 482 2109 564 publice
2150 483 2578 551 vendiderunt.
2663 486 3009 554 Nonnullis

650 584 934 651 saeculis
977 590 1126 667 post
1170 585 1487 668 Origenes
1537 584 1606 650 in
1651 603 1992 651 susurrum
2036 585 2364 668 magicum
2408 585 2751 654 invehitur
2792 588 3009 656 homil.

648 687 784 752 XX
827 686 1193 769 interprete
1236 687 1472 754 Rufino
1517 687 1641 772 (ed.
1684 687 1977 754 Delarue
2023 689 2192 754 1783
2235 708 2299 770 p.
2331 688 2518 775 444):
2566 688 2638 754 Si
2679 692 2843 754 enim
2882 710 3007 755 cre-

648 788 848 852 ditum
878 796 962 852 est
989 810 1031 853 a
1057 789 1352 871 pentibus,
1401 788 1567 873 quod
1592 789 1900 870 quaedam
1929 792 2233 874 carmina,
2277 810 2439 872 quas
2478 793 3009 872 praecantationes

649 891 980 975 appellant,
1024 892 1249 976 quibus
1289 891 1462 956 istud
1504 893 1666 955 artis
1707 896 1815 975 est,
1860 894 2503 957 insusurrantes
2544 897 2670 960 etc.
2755 895 3007 977 Magna

649 993 946 1076 magicae
999 994 1168 1060 artis
1221 1013 1394 1077 pars,
1451 995 1697 1060 multae
1741 1013 2076 1077 magorum
2124 994 2559 1061 caerimoniae
2617 1014 2699 1062 ex
2756 996 3007 1065 oriente

650 1100 798 1161 orta
843 1114 986 1162 esse
1027 1096 1337 1163 videntur
1380 1101 1449 1163 et
1502 1095 1938 1180 syncretismi,
1998 1097 2107 1178 qui
2157 1096 2418 1181 dicitur,
2474 1098 2878 1180 temporibus
2921 1101 3008 1165 ad

651 1198 938 1265 Graecos
981 1197 1435 1280 Romanosque
1464 1199 1869 1281 pervenisse.
1959 1200 2200 1280 Itaque
2232 1198 2551 1281 imprimis
2598 1202 2772 1282 apud
2803 1200 3008 1284 scrip-

647 1310 824 1367 tores
869 1301 1252 1383 posterioris
1297 1302 1543 1368 aetatis
1588 1319 1887 1367 susurros
1932 1321 2189 1383 quoque
2230 1302 2517 1386 magicos
2558 1308 2629 1370 et
2672 1322 3008 1370 murmura

649 1403 912 1485 magica
951 1403 1337 1471 invenimus,
1423 1404 1745 1487 Apuleius
1805 1404 2230 1486 metamorph.
2287 1405 2324 1469 I
2368 1406 2438 1470 3:
2496 1405 2589 1469 Μ
2594 1407 2821 1487 ayico
2874 1427 3006 1470 su-

648 1526 792 1569 sur
812 1509 1128 1571 ramine
1187 1526 1401 1571 amnes
1443 1558 1457 1573 .
1503 1558 1518 1573 .
1563 1558 1577 1573 .
1629 1509 1868 1591 reverti,
1935 1509 2016 1574 de
2073 1506 2294 1590 magia
2352 1526 2404 1573 o.
2462 1509 2545 1573 47
2609 1508 2832 1590 magia
2897 1510 3007 1575 de-

650 1608 993 1675 scribitur:
1042 1608 1294 1674 Occulta
1333 1629 1456 1673 non
1502 1611 1713 1674 minus
1754 1630 1942 1690 quam
1988 1614 2142 1673 tetra
2189 1614 2245 1673 et
2271 1609 2605 1693 horribilis,
2642 1611 3009 1693 plerumque

650 1710 924 1775 noctibus
964 1713 1223 1793 viyilata
1259 1718 1316 1775 et
1359 1711 1616 1776 tenebris
1667 1711 1949 1776 abstrusa
2006 1719 2063 1775 et
2105 1712 2365 1776 arbitris
2404 1713 2687 1777 solitaria
2730 1720 2786 1777 et
2828 1734 2860 1777 c
2873 1734 2913 1777 a
2928 1734 2964 1777 r
2979 1750 3006 1763 -

651 1813 1009 1877 minibus
1072 1820 1590 1879 murmurata.
1695 1815 1852 1880 Met.
1915 1814 1989 1879 II
2048 1816 2085 1880 1
2151 1815 2429 1878 ferale
2504 1835 2867 1880 murmur
2937 1816 3007 1882 in

651 1915 997 1982 Thessalia
1033 1917 1259 1998 patria
1317 1936 1652 1999 magorum
1710 1917 2032 1984 usitatum
2092 1922 2643 1984 commemoratur.
2732 1917 3008 1986 Ovidius

650 2026 801 2085 met.
844 2018 1010 2085 XIV
1054 2021 1138 2086 57
1154 2038 1321 2102 sqq.:
1366 2018 1457 2084 Et
1499 2019 1824 2084 obscurum
1865 2019 2186 2084 verborum
2229 2019 2488 2101 ambaye
2531 2040 2827 2084 novorum
2866 2025 2875 2100 Ι
2913 2027 3009 2084 ter

650 2123 851 2185 novies
894 2141 1144 2187 carmen
1202 2125 1513 2205 mayico
1572 2123 2134 2187 demurmurat
2190 2123 2377 2205 orel,
2435 2122 2521 2188 ib.
2579 2122 2713 2188 VII
2755 2121 2878 2189 251
2925 2124 3006 2190 de

649 2224 919 2291 Medea:
983 2225 1151 2305 Quos
1216 2225 1319 2290 ubi
1368 2227 1641 2307 placavit
1691 2225 2101 2307 precibusque
2158 2231 2216 2289 et
2279 2244 2528 2288 murm
2546 2245 2690 2289 ure
2755 2226 2886 2289 lon
2896 2246 2938 2310 y
2955 2245 3007 2292 ο.

649 2327 1118 2395 Aristaenetus
1165 2347 1262 2411 ep.
1292 2329 1364 2394 Π
1397 2330 1476 2395 18
1507 2333 1674 2394 extr.
1718 2328 2014 2394 lenonem
2058 2327 2314 2394 inducit
2346 2327 2759 2395 adulescenti
2788 2346 3007 2395 amore

651 2429 914 2496 incenso
958 2450 1223 2514 magum
1265 2450 1338 2497 se
1383 2431 1833 2498 exhibentem:
1876 2429 1939 2496 ‘0
1982 2428 2053 2494 δὲ
2083 2431 2387 2513 καθάπερ
2430 2428 2541 2494 ἐπὶ
2585 2438 2809 2516 σκηνῆς
2850 2427 3006 2495 ὕπο-

652 2534 1024 2613 κρινάμενος
1064 2544 1189 2596 τῶν
1229 2536 1583 2617 περιέργων
1630 2532 1702 2595 τὸ
1755 2541 1985 2618 σχῆμα,
2043 2532 2153 2597 καὶ
2196 2530 2520 2613 δαιμόνων
2576 2535 3010 2618 προσηγορίας

651 2638 953 2720 συνείρων
987 2633 1486 2717 πλασματώὸεις
1533 2638 1606 2698 τέ
1643 2657 1821 2711 τινας
1862 2632 2628 2723 ὕποφθεγγόμενος
2670 2629 3006 2720 ἐπικλή-

651 2739 875 2813 σεις2
917 2737 1054 2802 καὶ
1097 2737 1579 2824 ψιθυρίζων
1608 2737 1995 2825 ἀπατηλῶ
2019 2761 2054 2802 ν
2082 2740 2669 2824 γοητευμάτων
2710 2736 3008 2819 λόγους

651 2862 851 2927 φρικ
873 2839 1134 2918 ώὸεις.
1221 2841 1523 2909 Carmine
1581 2841 1838 2925 magico
1895 2843 2071 2924 apud
2115 2841 2471 2908 Eusebium
2529 2859 2754 2922 praep.
2800 2859 2900 2909 ev.
2945 2840 3006 2905 V

652 2947 752 3027 14,
797 2947 989 3026 lsqq.
1051 2945 1158 3011 dei
1217 2945 1612 3013 invocantur
1665 2943 2057 3030 κλήσεσιν
2115 2942 2669 3029 ἀφθέγκτοις,
2728 2943 2809 3017 ἃς
2865 2935 3007 3027 εὗρε

650 3048 810 3130 μάγ
827 3070 879 3109 ω
896 3070 930 3111 ν
973 3044 1073 3127 ὄχ’
1134 3046 1393 3126 ἄριστος
1412 3048 1454 3115 ³.
1554 3048 1804 3113 Lucan.
1862 3047 2162 3113 Pharsal.
2218 3046 2316 3111 VI
2373 3046 2501 3112 685
2522 3064 2648 3126 sq.:
2702 3044 2830 3110 Vox
2874 3094 2888 3110 .
2934 3096 2946 3110 .
2990 3095 3006 3110 .

639 3149 975 3234 pollentior
1016 3200 1032 3216 .
1064 3202 1078 3215 .
1108 3158 1430 3215 esccantare
1459 3150 1597 3214 deos
1624 3149 1912 3230 confudit
1944 3170 1999 3212 m
2019 3170 2064 3213 u
2081 3169 2192 3212 rm
2208 3169 2252 3211 u
2267 3168 2305 3212 r
2320 3169 2352 3211 e
2387 3150 2685 3231 primum.
2770 3145 3007 3214 Livius

650 3252 722 3317 H
764 3252 867 3334 58,
910 3253 982 3317 4:
1029 3252 1306 3315 Tacite
1340 3258 1830 3332 praetereuntem
1874 3252 2311 3316 exsecravi.
2400 3250 2708 3316 Tibullus
2737 3249 2772 3313 I
2801 3250 2861 3331 2,
2888 3250 3004 3313 47:

648 3353 791 3417 Iam
834 3359 995 3418 tenet
1036 3354 1328 3434 infernas
1372 3356 1682 3438 rnaqico
1724 3354 2092 3418 stridore
2112 3353 2141 3391 ⁴
2200 3357 2492 3418 catervas,
2580 3351 3006 3418 Nicomachus

650 3456 1024 3524 Gerasenus
1084 3457 1272 3540 (MuS.
1317 3457 1539 3538 script.
1586 3456 1698 3522 Gr.
1743 3459 1840 3523 ed.
1886 3457 2010 3522 Ian
2070 3456 2221 3540 277)
2250 3457 2306 3521 ⁶:
2366 3454 2490 3518 Διὸ
2550 3453 2624 3539 δὴ
2682 3452 2836 3518 ὅταν
2884 3454 3005 3533 μά-

649 3559 835 3624 λιστα
895 3556 958 3622 οἱ
1014 3559 1322 3645 θεουργοὶ
1378 3557 1450 3623 τὸ
1511 3569 1801 3623 τοιοῦτον
1858 3557 2273 3642 σεβάζωνται,
2332 3576 2527 3638 σιγμ
2545 3578 2580 3620 ο
2598 3565 2675 3632 ῖς
2730 3578 2811 3619 τε
2867 3553 3006 3617 καὶ

649 3662 1257 3744 ποππυσμοῖςθ
1300 3662 1438 3725 καὶ
1485 3660 1955 3747 ἀνάρθροις
2009 3661 2143 3725 καὶ
2206 3657 2730 3746 ἀσυμφώνρις
2771 3656 3007 3742 ἤχοις

828 3800 847 3831 ²
883 3799 962 3854 Of.
1010 3799 1161 3853 Dedo
1205 3798 1296 3853 De
1339 3798 1698 3867 antiquorum
1748 3796 2134 3866 superstitione
2179 3794 2461 3850 amatoria
2505 3794 2648 3848 Diss.
2698 3791 3005 3861 Gryphisw.

651 3885 787 3939 1904
821 3886 1003 4026 ξῖῗοῒχ
1039 3967 1305 4033 ἐπίκλησις
1338 3969 1551 4039 proprie
1587 3968 1805 4037 magica
1841 3974 1941 4035 est,
1977 3967 2043 4022 cf.
2079 3966 2361 4021 Dieterich
2386 3964 2656 4019 ,Aba-axae
2691 3980 2743 4032 p.
2769 3962 2885 4031 175,
2910 3961 3006 4032 233

650 4055 1124 4125 Mithraeliturqie
1159 4056 1240 4125 10,
1277 4055 1326 4108 4.
1681 4053 1702 4086 ³
1735 4070 1789 4108 v.
1826 4054 1890 4108 Ε.
1926 4053 2106 4106 Maass
2147 4052 2494 4121 Tayesyotter
2526 4066 2577 4118 p.
2614 4048 2719 4103 245
2736 4063 2850 4116 sqq.

822 4142 848 4172 ⁴
882 4141 1090 4197 Stridor
1125 4142 1176 4195 h.
1216 4157 1261 4196 e.
1299 4157 1558 4208 murmur,
1597 4140 1661 4194 cf.
1699 4139 1794 4193 Sil.
1830 4139 1958 4193 Ital.
1994 4138 2139 4193 VIII
2174 4137 2291 4191 562.

824 4228 847 4260 ⁶
881 4228 1040 4281 Hunc
1073 4227 1248 4281 locum
1287 4226 1626 4280 Sudhausius
1663 4240 1876 4279 mecum
1912 4223 2349 4278 communicavit.

824 4313 847 4345 ⁶
883 4313 961 4367 cf.
1001 4327 1165 4380 supra
1198 4328 1248 4380 p.
1288 4312 1373 4382 57,
1411 4326 1534 4365 ann.
1573 4312 1619 4366 1.

3136 3809 3166 3855 Ι
