3509 5067
629 398 670 461 6
1533 390 1801 446 Henricus
1835 390 2078 445 Schmidt
2916 395 2984 483 [6

632 565 1018 647 conabatur,
1072 567 1148 629 ut
1191 561 1443 629 diceret
1485 579 1715 643 preces
1760 579 2285 643 supervacaneas
2331 581 2491 647 esse,
2550 564 2854 645 quoniam
2913 566 2984 632 in

630 667 927 734 omnibus
969 668 1170 733 rebus
1212 665 1530 732 virtutem
1593 682 1737 731 esse
1795 663 1867 731 in
1908 664 2168 731 homine
2224 664 2547 747 imprimis
2608 668 2981 747 interesset,

629 770 846 837 virtus
903 773 1122 835 autem
1181 767 1347 835 disci
1402 771 1626 850 posset
1642 768 1685 833 1.
1795 767 1893 834 Et
1971 767 2217 833 factum
2278 772 2384 834 est
2402 818 2418 851 ,
2480 773 2560 834 ut
2617 770 2983 855 Prodicum,

629 871 1011 954 priusquam
1070 889 1141 937 se
1184 888 1412 952 preces
1469 889 1600 936 non
1657 875 2073 937 contemnere
2129 874 2351 951 posset
2394 873 2758 956 ostendere,
2800 892 2984 957 gym-

630 973 1017 1040 nasiarchus
1076 992 1113 1040 6
1156 972 1495 1057 gymnasio
1559 973 1936 1055 expelleret,
1995 972 2151 1054 quia
2206 972 2506 1055 sophista
2566 993 2695 1040 non
2751 974 2984 1043 idonea

629 1075 715 1160 (εἰ
760 1073 832 1138 δὲ
871 1074 958 1161 μὴ
1014 1072 1365 1160 ἐπιτήδεια,
1426 1072 1611 1160 δῆλον
1655 1073 1754 1139 ὅτι
1794 1076 2099 1161 μοχθηρά
2142 1095 2203 1157 p.
2244 1076 2371 1142 399
2388 1075 2475 1161 A)
2536 1095 2682 1142 cum
2728 1077 2982 1144 adules-

632 1177 916 1245 centulis
959 1177 1440 1260 colloqueretur
1460 1177 1504 1244 ².

801 1295 899 1366 Ut
953 1297 1308 1388 Euripides
1367 1297 1773 1365 Socrates
1831 1316 2083 1380 quoque
2135 1297 2431 1379 aequalis
2491 1298 2633 1365 eius
2692 1298 2985 1367 homines

629 1401 820 1485 quasi
849 1421 887 1469 e
929 1421 1149 1469 somno
1195 1401 1520 1469 excitavit
1563 1400 1961 1482 quassitque.
2048 1401 2382 1484 Quantum
2424 1407 2648 1469 autem
2692 1402 2837 1469 fieri
2872 1422 2983 1485 po-

628 1511 824 1588 terat,
869 1505 1172 1572 Socrates
1202 1509 1541 1572 vetustum
1569 1522 1760 1571 usum
1794 1502 2175 1570 conservari
2212 1504 2497 1589 volebat,
2541 1505 2741 1572 aliter
2782 1511 2985 1588 atque

628 1607 1015 1691 Euripides,
1088 1607 1200 1689 qui
1259 1607 1332 1673 in
1397 1606 1710 1689 vulgares
1779 1609 1860 1673 de
1917 1605 2059 1673 deis
2116 1605 2454 1689 opiniones
2510 1608 2830 1675 acerrime
2884 1608 2984 1675 in-

629 1711 1018 1792 vehebatur,
1062 1727 1206 1776 cum
1244 1708 1569 1776 Socrates>
1595 1708 1666 1774 in
1709 1709 2000 1776 moribus
2044 1714 2244 1791 atque
2286 1710 2817 1778 institutionibus
2845 1730 2985 1779 ma-

627 1813 854 1894 iorum,
876 1813 948 1878 in
971 1811 1183 1879 forma
1206 1816 1277 1879 et
1300 1831 1545 1896 genere
1568 1811 2110 1879 caerimoniarum
2134 1814 2478 1895 cultusque
2506 1818 2923 1895 permaneret
2942 1814 2985 1881 ⁸.

631 1915 936 1982 Socrates
999 1914 1221 1982 divino
1272 1914 1520 1982 auxilio
1564 1914 1777 1981 fretus
1795 1915 1824 1954 ⁴
1881 1914 2176 1982 homines
2233 1917 2647 2000 admonebat,
2689 1935 2774 1982 ne
2813 1918 2985 1984 bona

631 2017 923 2101 corporis
952 2022 1255 2100 peterent
1284 2038 1327 2084 a
1357 2017 1476 2102 dis,
1507 2019 1625 2086 sed
1653 2019 1889 2085 bonam
1918 2023 2223 2101 mentem,
2251 2020 2609 2102 honestam,
2637 2018 2985 2102 integram.

629 2119 1077 2189 Gravissimus
1135 2119 1420 2187 omnium
1476 2123 1677 2205 locuS,
1733 2120 1973 2202 quibus
2034 2123 2115 2188 de
2173 2120 2494 2203 religione
2551 2121 2986 2204 precibusque

629 2223 922 2291 Socratis
951 2222 1170 2306 opinio
1205 2222 1512 2307 refertur,
1543 2227 1768 2291 exstat
1794 2224 1963 2290 Xen.
1992 2223 2183 2289 Mem.
2206 2224 2244 2289 I
2271 2225 2331 2309 3,
2363 2227 2399 2290 1
2417 2225 2602 2306 sqq.⁵.
2690 2223 2819 2290 Hic
2843 2223 2982 2291 deis

628 2326 913 2394 confisus
957 2325 1276 2410 permisit,
1320 2339 1398 2393 ut
1449 2326 1581 2409 ipsi
1619 2326 1818 2406 utilia
1862 2328 2118 2410 darent,
2162 2326 2554 2408 simpliciter
2594 2327 2833 2393 bonum
2876 2345 2985 2393 ex-

627 2414 921 2512 petebat,
952 2447 1097 2496 cum
1121 2427 1190 2495 di
1217 2431 1422 2511 probe
1445 2429 1713 2512 scirent,
1738 2429 1897 2511 quid
1924 2431 2165 2496 bonum
2194 2433 2372 2496 esset
2402 2429 2563 2509 quid
2590 2429 2853 2513 malum,
2874 2430 2986 2497 ho·

626 2530 835 2597 mines
881 2535 1102 2597 autem
1145 2529 1513 2598 nescirent:
1572 2529 2046 2617 Καὶηῦχετο
2085 2527 2171 2593 δὲ
2208 2529 2417 2615 πρὸς
2477 2529 2672 2605 τοὺς
2726 2529 2987 2606 θεοὺς

630 2629 889 2708 ἅπλῶς
928 2630 1256 2716 τάγαθὰ
1298 2629 1652 2711 διδόναιθ,
1684 2631 1776 2710 ὡς
1794 2632 1945 2709 τοὺς
1962 2630 2160 2708 θεοὺς
2179 2629 2488 2695 κάλλιστα
2510 2630 2760 2708 εἰδότας
2781 2631 2985 2698 ὁποῖα

806 2837 826 2870 ¹
862 2837 944 2891 01.
978 2835 1251 2892 Maximus
1286 2837 1504 2907 Tyrius,
1540 2837 1667 2893 diss,
1702 2838 1787 2893 XI
1819 2837 1872 2892 6.

799 2921 823 2955 ²
857 2922 938 2977 01.
975 2921 1037 2979 F.
1075 2921 1138 2977 G.
1174 2921 1433 2979 Welcker
1464 2922 1738 2978 Prodikus
1771 2938 1879 2978 von
1911 2922 2059 2979 Keos
2093 2923 2209 2993 (Kl.
2245 2921 2398 2978 Schr.
2434 2923 2493 2977 11
2526 2918 2794 2993 5215811114).

803 3007 826 3040 ⁸
866 3005 1046 3074 Νόμῳ
1078 3004 1286 3063 πόλεως
1320 3007 1436 3064 deis
1468 3008 1685 3079 gratius
1728 3024 1848 3065 esse
1892 3009 2203 3065 referendas
2235 3008 2429 3078 Apollo
2475 3008 2705 3079 dixerat,
2739 3009 2985 3080 Xenoph.

627 3110 786 3150 mem.
832 3094 915 3150 IV
947 3094 998 3164 3,
1036 3093 1267 3149 16-17:
1321 3091 1511 3160 Νόμος
1555 3090 1614 3145 δὲ
1662 3090 1832 3160 δήπου
1879 3095 2157 3157 πανταχοῦ
2205 3094 2319 3146 ἐστι
2362 3091 2503 3146 κατὰ
2546 3089 2780 3159 δύναμιν
2824 3096 2986 3162 ἱεροῖς

627 3178 792 3234 θεοὺς
825 3176 1172 3251 ἀρέσκεσθαι.
1217 3180 1333 3235 πῶς
1377 3171 1476 3231 οὖν
1521 3175 1592 3232 ἄν
1623 3199 1704 3235 τις
1735 3176 1958 3231 κάλλιον
1989 3182 2077 3231 καὶ
2112 3175 2498 3247 εὐσεβέστερον
2539 3176 2716 3245 τιμώῃ
2749 3177 2919 3236 θεοὺς
2952 3173 2983 3243 ἢ

627 3262 702 3318 ὡς
735 3262 890 3316 αὐτοὶ
922 3260 1230 3315 κελεύουσιν
1264 3263 1410 3317 οὕτω
1441 3266 1650 3326 oronaim
1685 3265 1767 3319 01.
1802 3264 1912 3321 016.
1948 3264 2015 3320 116
2047 3265 2198 3335 legg.
2233 3265 2294 3320 Π
2325 3265 2405 3334 16,
2440 3264 2512 3319 40
2544 3269 2603 3320 et
2634 3263 2815 3335 legem
2849 3265 2984 3321 Dra·-

629 3350 776 3405 conis
809 3350 956 3419 apud
983 3349 1248 3420 Porphyr.
1282 3350 1351 3406 116
1373 3350 1512 3406 abst.
1535 3350 1617 3407 IV
1638 3350 1706 3404 22
1728 3355 2023 3406 servatam.
2108 3350 2374 3419 Porphyr.
2398 3349 2469 3405 ad
2490 3350 2655 3406 Marc.
2679 3349 2774 3406 18:
2816 3346 2985 3404 Οὗτος

623 3433 733 3504 γὰρ
765 3437 1013 3505 μέγιστος
1050 3432 1257 3503 καρπὸς
1302 3433 1588 3503 εὐσεβείας,
1633 3436 1802 3501 τιμᾶν
1834 3434 1901 3487 τὸ
1928 3436 2093 3487 θετον
2126 3436 2264 3486 κατὰ
2296 3433 2367 3487 τὰ
2400 3436 2618 3503 πάτρια.
2689 3434 2772 3491 Cf.
2808 3434 2985 3491 Zoller

624 3521 716 3576 111
747 3521 798 3590 2,
832 3538 885 3591 p.
924 3520 1040 3591 143,
1075 3521 1125 3575 6.
1162 3523 1166 3527 ’

797 3606 824 3639 ⁴
856 3605 939 3661 cf.
974 3606 1161 3678 Plato,
1211 3606 1346 3663 Orit.
1381 3623 1434 3676 p.
1470 3606 1628 3662 4313:
1681 3606 1751 3656 Εἰ
1784 3604 1951 3672 ταύτῃ
1987 3601 2146 3675 φίλον
2178 3607 2260 3669 τῷ
2305 3605 2460 3671 θεῷ,
2507 3605 2675 3673 ταύτῃ
2718 3606 2983 3677 γενέσθαι.

627 3692 709 3746 01.
744 3691 981 3762 Epictet.
1016 3691 1145 3747 diss.
1180 3692 1242 3747 II
1275 3692 1327 3761 4,
1361 3692 1447 3748 21.

797 3775 823 3809 ⁶
857 3776 941 3832 01.
984 3776 1024 3833 J
1023 3777 1107 3832 061
1151 3777 1277 3832 Der
1321 3777 1466 3833 echte
1510 3778 1627 3833 und
1673 3777 1770 3833 der
1828 3776 2300 3847 Xemphontische
2345 3776 2606 3833 Sokrates
2655 3794 2708 3846 p.
2746 3777 2981 3833 90-91:

625 3861 749 3915 Der
771 3861 918 3916 δίκη
940 3859 1038 3916 der
1054 3868 1270 3933 ‚qanzc‘n
1294 3862 1460 3919 Stella
1482 3862 1696 3935 besaqt:
1732 3878 1820 3934 „es
1842 3851 2053 3919 kommt
2068 3862 2225 3919 nicht
2245 3861 2464 3932 darauf
2477 3863 2604 3918 an“.
2672 3861 2757 3918 Es
2777 3861 2985 3917 kommt

624 3945 783 4002 nicht
812 3945 1034 4016 darauf
1070 3963 1163 4018 an,
1208 3947 1327 4018 wic,
1376 3947 1519 4004 nach
1562 3947 1812 4005 walchem
1844 3944 2208 4020 Spezialriws
2253 3948 2330 4003 du
2374 3947 2464 4004 dic
2503 3947 2698 4004 <sotter
2740 3947 2987 4003 veniunt

624 4033 679 4099 (I
701 4032 751 4101 3,
778 4030 846 4099 1).
916 4032 1001 4087 Es
1033 4032 1244 4089 kommt
1273 4033 1429 4090 nicht
1461 4032 1677 4105 darauf
1701 4052 1793 4104 an,
1829 4052 1926 4089 um
1960 4051 2075 4090 was
2108 4034 2187 4089 du
2218 4035 2300 4089 im
2338 4033 2513 4090 Gcbet
2542 4032 2734 4088 bittoet
2762 4032 2814 4103 (I
2836 4032 2887 4105 3,
2909 4032 2981 4103 3).

624 4115 710 4171 Es
742 4117 952 4173 kommt
983 4117 1140 4174 nicht
1172 4118 1394 4187 darauf
1417 4136 1509 4190 an,
1543 4120 1646 4177 wie
1678 4120 1785 4176 viel
1819 4119 1896 4175 du
1928 4121 2142 4192 opfcrst
2174 4120 2226 4190 (I
2247 4120 2298 4190 3,
2322 4119 2394 4190 3).

798 4202 824 4236 θ
854 4203 1077 4260 Eisdem
1110 4203 1296 4261 verbis
1332 4205 1708 4276 Pythagoram
1741 4211 2024 4276 precatum
2058 4221 2177 4262 esse
2217 4204 2390 4262 refert
2422 4205 2579 4262 Diod.
2615 4205 2775 4261 Sicul.
2810 4205 2865 4260 X
2884 4202 2981 4259 98:

621 4286 677 4339 Ὁ
721 4285 881 4343 αὐτὸς
927 4290 1124 4358 ἔφασκε
1169 4286 1284 4342 δεῖν
1316 4290 1380 4341 ἐν
1423 4305 1542 4346 ταῖς
1575 4288 1749 4355 εὐχαῖς
1795 4288 2025 4346 ἁπλῶς
2069 4289 2410 4354 εὔχεσθαι
2444 4288 2748 4360 τάγαθά.
2826 4289 2981 4345 Idem

626 4372 760 4430 dicit
793 4374 917 4431 aliis
952 4375 1132 4432 verbis
1156 4375 1494 4446 Porphyrius
1528 4376 1598 4431 ad
1620 4375 1785 4433 Marc.
1821 4393 1903 4446 ep.
1930 4376 2022 4434 13:
2073 4374 2229 4427 Ταῦτ’
2269 4369 2369 4428 οὖν
2398 4373 2533 4427 θέλε
2565 4379 2654 4427 καὶ
2690 4375 2846 4428 αἰτοῦ
2881 4372 2983 4429 τὸν
