3509 5067
666 366 706 427 2
1571 361 1841 417 Henricus
1875 361 2117 416 Schmidt
2954 361 3021 448 [2

664 534 743 599 Il.
786 533 822 599 I
865 533 968 616 37,
1013 551 1138 614 quo
1181 532 1320 599 loco
1364 532 1664 615 ChryseS,
1706 529 2037 612 Apollinis
2082 534 2407 614 sacerdoS,
2452 536 2791 613 precatur:
2847 531 3020 596 Κλῦ-

663 637 746 697 θί
786 655 906 717 μευ
936 632 1326 719 ἀργυρότοξ’,
1360 685 1373 699 .
1504 638 1514 713 Ι
1556 678 1570 694 .
1618 628 1681 695 εἴ
1717 634 1885 696 ποτέ
1921 654 2024 696 τοι
2066 634 2337 718 χαρίεντ’
2385 632 2499 696 ἐπὶ
2530 632 2675 719 νηὸν
2718 631 2926 719 ἔρεψα
2947 633 3020 722 ¹,1

624 791 627 794 .
664 732 704 818 ἢ
750 733 811 800 εἰ
838 735 915 821 δή
955 739 1123 801 ποτέ
1159 758 1262 800 τοι
1303 734 1464 799 κατὰ
1491 737 1692 799 πίονα
1732 733 1907 820 μηρί’
1952 731 2105 822 ἔκηα
2142 739 2151 818 Ι
2188 736 2434 818 ταύρων
2475 734 2573 820 ἠδ’
2618 735 2832 821 αἰγῶν,
2872 735 3021 802 τόδε

665 861 782 922 μοι
821 839 1081 925 κρήηνον
1116 836 1356 923 ἐέλδωρ
1377 839 1422 922 ²,
1469 837 1781 905 similiter
1819 838 2062 905 Nestor
2105 838 2183 904 Il.
2225 839 2329 903 IX
2371 840 2497 904 497
2514 858 2651 921 sqq.
2709 840 3019 922 opinatur

667 941 811 1008 fieri
853 961 1062 1026 posse,
1128 945 1210 1007 ut'
1269 940 1378 1007 dei
1443 940 1785 1007 consilium
1845 945 2129 1023 mutent,
2187 941 2524 1008 dummodo
2582 944 2793 1009 multa
2851 945 3020 1009 dona

667 1044 1028 1127 accipiant:
1080 1042 1393 1130 Στρεπτοὶ
1422 1041 1495 1106 δέ
1529 1065 1598 1106 τε
1641 1041 1750 1106 καὶ
1780 1042 1931 1106 θεοὶ
1975 1042 2158 1107 αὐτοί
2177 1045 2219 1126 ³³,
2259 1043 2268 1129 Ι
2306 1054 2430 1106 τῶν
2468 1063 2595 1130 περ
2638 1044 2748 1108 καὶ
2788 1043 3022 1125 μείζων

669 1146 855 1232 ἀρετὴ
881 1146 1031 1232 τιμή
1056 1168 1126 1209 τε
1154 1148 1262 1232 βίη
1290 1168 1359 1209 τε
1375 1165 1388 1180 ·
1428 1146 1438 1229 Ι
1475 1145 1584 1209 καὶ
1611 1143 1729 1226 μὲν
1747 1144 1894 1222 τοὺς
1914 1147 2176 1209 θυέεσσι
2204 1144 2316 1209 καὶ
2339 1145 2623 1229 εὐχωλῇς
2646 1146 3020 1231 ἀγανῇσιν4,Ι

630 1263 633 1268 “
670 1249 858 1332 λοιβῇ
901 1270 970 1313 τε
1021 1259 1204 1333 κνισῇ
1260 1270 1330 1311 τε
1373 1245 1858 1334 παρατρωπῶθ
1919 1235 2284 1335 ἅνθρωποιΙ
2344 1247 2725 1332 λισσόμενοι,
2769 1248 2873 1313 ὅτε
2916 1244 3012 1314 κέ)

667 1373 765 1427 τις
802 1347 1103 1435 ὑπερβήῃ
1129 1350 1240 1414 καὶ
1283 1349 1529 1435 ἁμάρτῃ
1556 1351 1597 1416 ⁶.

837 1472 1017 1537 Pura
1037 1475 1236 1552 atque
1257 1471 1532 1537 honesta
1554 1475 1771 1537 mente
1795 1488 1953 1552 opus
1970 1453 2131 1552 esse',
2155 1475 2231 1537 ut
2255 1474 2417 1538 deus
2430 1490 2660 1554 preces
2689 1472 3021 1556 exaudiat,

666 1573 777 1639 hic
832 1573 1013 1639 nullo
1071 1574 1210 1638 loco
1269 1571 1753 1639 commemorari
1814 1572 2129 1639 videmus.
2232 1574 2435 1639 Immo
2494 1573 2692 1641 facile
2746 1582 3022 1657 apparet

670 1675 955 1742 Graecos
992 1673 1263 1740 Homeri
1290 1674 1691 1755 temporibus
1735 1692 2123 1756 persuasum
2152 1675 2482 1759 habuisse,
2527 1681 2605 1742 ut
2644 1677 2711 1743 C.
2740 1677 3019 1744 ‘Ausfeld

669 1781 853 1844 recte
896 1777 1076 1855 dicit,
1123 1776 1393 1843 formam
1435 1776 1763 1858 pactionis
1810 1777 2151 1843 cuiusdam
2195 1777 2372 1844 inter
2414 1779 2709 1845 homines
2752 1786 2822 1846 et
2863 1782 3019 1846 deos

669 1879 1035 1945 stabilitam
1065 1879 1296 1961 videri,
1326 1898 1455 1960 qua
1485 1882 1646 1945 deus
1677 1878 1889 1945 officio
1929 1882 2207 1960 quodam
2236 1880 2569 1965 obligetur
2606 1882 2793 1948 donis
2824 1887 3025 1948 antea

669 1982 976 2065 acceptiS,
1014 1987 1091 2048 ut
1119 1986 1464 2063 precantes
1494 1982 1724 2048 audiat
1752 2000 2100 2064 eorumque
2122 2002 2346 2064 preces
2375 1985 2659 2068 expleat,
2688 1987 3022 2067 tamquam

671 2085 729 2151 si
771 2085 1001 2152 foedus
1045 2083 1291 2151 factum
1338 2085 1448 2168 sit,
1489 2083 1559 2150 in
1605 2103 1731 2166 quo
1776 2104 2044 2152 manere
2088 2086 2203 2151 ille
2243 2087 2501 2152 debeat.

843 2205 1090 2272 Verum
1160 2205 1333 2271 enim
1390 2224 1548 2273 vero
1607 2205 1881 2288 septimo
1943 2211 2011 2272 et
2070 2211 2256 2273 sexto
2300 2220 2374 2273 a.
2434 2207 2582 2273 Chr.
2641 2227 2701 2274 n.
2759 2210 3018 2275 saeculo

674 2308 915 2375 Graeci
959 2310 1042 2373 de
1079 2310 1199 2373 deo
1241 2309 1606 2389 mundoque
1650 2312 1720 2374 et
1763 2314 2009 2374 natura
2036 2308 2317 2375 hominis
2360 2309 2673 2376 subtilius
2717 2310 3022 2377 meditari

671 2416 1042 2492 coeperunt.
1100 2410 1295 2475 Licet
1322 2410 1394 2475 in
1423 2409 1692 2476 Homeri
1721 2410 2121 2477 carminibus
2152 2412 2361 2477 multa
2390 2411 2827 2494 reperiantur,
2857 2431 3023 2495 quae

674 2514 759 2579 ad
804 2512 1183 2594 popularem
1213 2512 1294 2576 de
1322 2512 1518 2577 rebus
1550 2511 1795 2578 divinis
1839 2531 2102 2579 sensum
2131 2513 2558 2595 notionesque
2596 2513 3023 2596 simpliciores

672 2614 1067 2696 pertineant,
1111 2614 1508 2694 procedente
1553 2615 1859 2695 opusculo
1903 2615 2275 2682 sententias
2333 2616 3024 2698 philosophorum

668 2714 1215 2800 investigabimus
1249 2718 1337 2781 ad
1365 2715 1744 2799 religionem
1770 2722 2164 2801 spectantes,
2203 2738 2371 2800 quae
2401 2719 2815 2801 opinionibus
2838 2720 3026 2803 vulgi

673 2836 867 2900 saepe
900 2817 1273 2884 contrariae
1303 2822 1475 2884 sunt.
1535 2818 1865 2900 Imprimis
1901 2819 2183 2885 Homeri
2202 2820 2464 2888 fabulas
2500 2821 2866 2904 philosophi
2906 2821 3026 2888 im-

844 3059 861 3090 ¹
901 3056 982 3112 Cf.
1019 3056 1116 3111 Od.
1152 3057 1240 3112 III
1274 3055 1540 3126 3808qq.;
1589 3057 1654 3110 Il.
1690 3058 1721 3111 I
1753 3057 2012 3126 503sqq.:
2053 3059 2161 3109 Ζεῦ
2197 3056 2389 3125 πάτερ,
2440 3059 2494 3107 εἴ
2532 3077 2668 3109 ποτε
2714 3054 2776 3122 δή
2812 3076 2871 3109 σε
2908 3057 3024 3123 μετ’

669 3140 1038 3193 ἀθανάτοισιν
1075 3139 1244 3205 ὄνησα
1274 3138 1345 3212 Ιῆ
1383 3143 1500 3193 ἔπει
1537 3137 1568 3207 ἢ
1605 3143 1744 3211 ἔργῳ
1783 3182 1796 3195 .
1836 3185 1847 3197 .
1886 3186 1898 3197 .
1937 3165 1979 3218 :3
2032 3143 2129 3198 Od.
2165 3143 2328 3199 XVII
2362 3142 2492 3211 2403
2527 3143 2612 3214 IV⁴
2644 3143 2770 3211 7633
2820 3145 2886 3199 Il.
2923 3145 3029 3200 XV

670 3227 789 3281 372.
856 3228 939 3282 Cf.
976 3227 1204 3282 Ausfeld
1235 3228 1271 3282 l.
1310 3244 1353 3281 c.
1389 3244 1442 3296 p.
1478 3226 1582 3281 526
1595 3244 1709 3295 sqq.

846 3312 868 3343 ²
902 3314 970 3367 In
1015 3314 1151 3368 haec
1197 3312 1365 3368 verba
1410 3312 1680 3367 Maximus
1717 3312 1918 3381 Tyrius
1967 3312 2274 3381 invehitur,
2325 3312 2468 3367 Diss.
2516 3312 2599 3366 XI
2635 3313 2683 3380 7,
2730 3313 3024 3368 secundum

674 3413 832 3465 quem
867 3413 1069 3452 numen
1098 3402 1182 3452 est
1218 3394 1524 3466 ἄστρεπτον
1558 3400 1648 3447 καὶ
1681 3394 1867 3451 ἀτενὲς
1900 3400 1989 3447 καὶ
2022 3395 2411 3465 ἀπαραίτητον.
2482 3396 2789 3452 cavillatur
2809 3404 3026 3467 poetam

670 3498 793 3536 cum
817 3481 1059 3550 quaerit:
1082 3482 1162 3532 ’Τι’
1190 3483 1380 3545 ταῦτα,
1407 3474 1453 3532 ὦ
1474 3485 1720 3545 ποιητῶν
1743 3475 1928 3549 ἄριστε
1938 3500 1960 3543 ,·
1997 3478 2178 3543 λίχνον
2202 3485 2290 3533 καὶ
2314 3477 2621 3552 δωροδόκον
2643 3480 2708 3533 τὸ
2733 3483 2912 3553 θετον,
2935 3487 3024 3534 καὶ

669 3563 838 3633 μηδὲν
873 3564 1138 3635 διαφέρον
1171 3566 1286 3618 τῶν
1319 3562 1537 3616 πολλῶν
1572 3563 1898 3631 ἀνθρώπων
1908 3584 1931 3627 ;

845 3650 868 3682 ³
901 3652 1080 3707 Istum
1120 3650 1300 3719 ipsum
1340 3666 1558 3706 versum
1594 3650 1878 3719 vituperat
1910 3652 2175 3720 Porphyr.
2211 3667 2293 3720 ep.
2331 3652 2401 3707 ad.
2442 3651 2612 3707 Aneb.
2639 3670 2682 3708 c.
2706 3653 2767 3719 ὃς
2804 3653 3024 3709 Maxim.

673 3739 802 3805 Tyr.
838 3737 922 3791 XI
955 3737 1015 3805 35
1052 3736 1332 3791 Iamblich.
1369 3736 1435 3790 de
1470 3742 1690 3804 myster.
1726 3735 1819 3790 lib.
1858 3736 1999 3792 VIII
2026 3736 2087 3805 83
2123 3736 2414 3805 Hierocles,
2450 3737 2562 3791 alii.

845 3823 871 3854 ⁴
903 3822 972 3876 In
1019 3821 1163 3878 hunc
1199 3835 1426 3897 ‚versum
1473 3819 1754 3875 invehitur
1800 3820 1963 3875 Plato
1995 3821 2111 3877 Pol.
2146 3821 2306 3876 365E
2344 3821 2659 3892 (364Dsq.),
2697 3822 2792 3890 qui
2836 3822 3032 3879 multis

675 3907 800 3963 aliis
834 3907 965 3962 locis
1000 3906 1141 3961 tales
1176 3904 1477 3961 sententias
1511 3905 1819 3975 impugnat.
1892 3906 1973 3962 Of.
2008 3905 2155 3961 infra
2188 3923 2240 3975 p.
2281 3906 2360 3961 11.

844 3992 869 4024 ⁶
903 3991 1239 4061 Porphyrius
1285 3990 1452 4045 etiam
1499 3991 1667 4052 tertio
1719 4007 1772 4059 p.
1809 3991 1933 4046 Chr.
1980 4008 2035 4046 n.
2082 3992 2296 4047 saeculo
2348 3993 2489 4047 hanc
2540 3997 2757 4061 turpem
2804 3992 3026 4047 deorum

672 4078 976 4148 opinionem
1011 4077 1228 4132 reiecit:
1276 4077 1343 4131 de
1378 4077 1517 4132 abst.
1553 4077 1614 4130 II
1648 4076 1743 4146 603
1786 4077 1857 4130 ad
1893 4078 2053 4132 Marc.
2103 4077 2195 4145 195
2248 4077 2315 4131 cf.
2353 4078 2521 4132 verba
2566 4078 2829 4133 Hieroclis
2864 4078 3028 4133 Stoici

673 4164 820 4218 Stob.
854 4164 885 4217 I
917 4162 1014 4231 533
1062 4162 1277 4231 Seneca,
1320 4167 1433 4217 nat.
1471 4168 1683 4230 quaest.
1719 4162 1831 4217 VH
1868 4161 1927 4214 1:
1964 4162 2215 4230 quamvis
2257 4178 2490 4216 munera
2526 4165 2582 4217 et
2613 4161 2737 4217 deos
2769 4163 3036 4231 vincant3,

673 4246 1019 4316 proverbium
1055 4252 1176 4301 erat
1222 4242 1370 4313 δῶρα
1407 4246 1575 4300 θεοὺς
1620 4248 1810 4298 πείθει
1860 4250 1951 4297 καὶ
2001 4243 2234 4300 αἰδοίους
2279 4245 2549 4317 βασιλῆας,
2597 4248 2665 4303 of.
2701 4247 2865 4303 Otto
2909 4247 3032 4302 Die·

676 4331 1072 4402 Sprichworter
1118 4348 1171 4386 u.
1221 4331 1578 4401 sprichwo'rtl.
1621 4332 1999 4388 Redensarten
2046 4331 2142 4387 der
2175 4332 2394 4402 Romer,
2431 4349 2475 4387 s.
2515 4349 2569 4388 v.
2610 4348 2823 4388 munus.
