3509 5067
655 327 741 392 42
1566 324 1837 380 Hem-icus
1870 324 2115 380 Schmidt
2904 326 3016 414 [42

871 497 1283 566 Maximus
1327 498 1670 581 Tyrius,
1709 496 2129 580 philosophus
2172 496 2283 564 vel
2314 495 2612 578 sophista
2656 500 2727 563 et
2767 498 3016 580 rhetor,

657 602 1042 671 Platonicus
1079 600 1545 684 Πυθαγορίζων
1563 599 1607 683 ¹,
1664 599 1779 681 qui
1836 599 2266 683 syncretismo
2322 599 2714 681 indulgebat
2757 605 2827 666 et
2868 618 3016 667 sen-

658 705 911 773 tentias
975 703 1460 772 Platonicorum
1533 721 1678 768 cum
1737 702 2101 769 Stoicorum
2163 699 2468 768 doctrina
2532 702 3016 785 commiscebat,

656 807 1123 876 dissertatione
1167 806 1528 889 undecima,
1573 824 1741 887 quae
1785 804 2177 872 inscribitur
2219 801 2280 867 εἰ
2321 801 2425 867 δεῖ
2464 803 2791 890 εὔχεσθαι,
2846 805 3012 872 stul-

655 917 875 979 tarum
903 909 1351 992 precationum
1382 912 1466 976 ab
1499 907 1818 991 exemplis
1848 926 2053 991 orsuS,
2097 926 2244 973 cum
2286 906 2358 973 in
2389 907 2741 973 Homerum
2768 926 3014 990 pravas

656 1016 1083 1097 praebentem
1126 1030 1356 1095 preces
1407 1010 1747 1078 invehitur
1767 1010 1810 1095 ²,
1870 1012 1956 1077 ad
2013 1029 2152 1076 rem
2203 1010 2415 1092 ipsam
2471 1013 3012 1092 pertractandam

657 1116 1069 1200 aggreditur.
1186 1115 1353 1180 Nam
1405 1113 1534 1181 sibi
1590 1113 1900 1196 proponit
1950 1117 2027 1179 ut
2085 1114 2489 1179 demonstret
2560 1113 2792 1179 melius
2867 1131 3012 1180 esse

657 1217 914 1285 omnino
979 1217 1283 1284 omittere
1347 1235 1595 1299 preces,
1694 1216 1882 1299 Quod
1946 1221 2025 1282 ut
2082 1217 2422 1298 ostendat,
2489 1215 2792 1282 Platonis
2865 1234 3012 1282 sen·

656 1320 890 1388 tentiis
924 1320 1307 1402 quibusdam
1340 1319 1573 1402 utitur,
1619 1339 1673 1386 e.
1708 1338 1770 1402 g.
1799 1339 1946 1386 cum
1976 1317 2140 1385 dicit
2182 1319 2427 1385 mutari
2456 1323 2575 1386 aut
2601 1319 3014 1401 poenitentia

657 1424 809 1491 duci
830 1424 1067 1490 bonum
1097 1423 1312 1491 virum
1342 1425 1678 1506 dedecere,
1708 1422 1922 1489 multo
1946 1426 2168 1489 autem
2196 1421 2412 1505 magis
2442 1423 2696 1488 deum.
2655 1422 2682 1460 3
2755 1422 3012 1489 Deinde

656 1544 885 1609 preces
927 1525 1200 1592 inutiles
1229 1530 1428 1607 atque
1471 1544 1602 1591 non
1631 1525 2039 1591 necessarias
2069 1543 2212 1591 esse
2258 1524 2566 1608 affirmat,
2609 1525 2765 1605 quia
2806 1527 3013 1592 bonus

657 1629 783 1713 vir,
825 1628 1086 1695 etiamsi
1131 1646 1262 1694 non
1310 1631 1636 1711 precetul,
1678 1647 1941 1710 semper
1991 1627 2296 1711 accipiat,
2340 1646 2507 1708 quae
2553 1633 2757 1712 optet,
2801 1647 3013 1709 neque

658 1751 966 1813 umquam
1044 1732 1289 1815 malm,
1364 1731 1664 1813 quamvis
1736 1731 2002 1799 invocet
2078 1732 2267 1815 deoS,
2340 1731 2752 1798 exaudiatur.
2865 1731 3013 1798 Non

655 1834 984 1902 interesse
1055 1833 1314 1916 precari
1380 1834 1675 1900 homines
1747 1839 1865 1900 aut
1925 1834 2414 1917 precationibus
2488 1834 2840 1918 desistere,
2895 1836 3013 1901 sed

658 1938 892 2022 dignos
937 1956 1083 2005 esse
1127 1942 1192 2003 et
1238 1938 1400 2019 pios.
1485 1936 1657 2022 Quin
1702 1936 1905 2003 etiam
1955 1937 2067 2019 qui
2108 1943 2439 2021 precatur,
2483 1956 2760 2020 peccare
2800 1955 3012 2020 paene

655 2039 927 2108 videtur
945 2042 989 2107 ⁴.
1076 2040 1247 2124 Dux,
1286 2039 1399 2120 qui
1428 2045 1546 2106 aut
1574 2039 1831 2107 nescire
1860 2044 2085 2122 potest
2115 2045 2235 2106 aut
2262 2040 2590 2123 corrumpi
2634 2040 3012 2108 muneribus

659 2148 777 2211 aut
822 2143 1055 2227 decipi,
1101 2145 1181 2209 de
1211 2142 1765 2225 postulat-ionibus
1794 2143 2077 2209 militum
2117 2144 2414 2210 decernit
2455 2142 2619 2207 κατὰ
2645 2142 2754 2228 τὴν
2794 2145 3013 2228 χρείαν

655 2254 766 2332 τῆς
820 2247 1082 2326 τάξεως.
1185 2246 1358 2313 Item
1403 2247 1563 2313 deus
1605 2250 1791 2313 recte
1851 2248 2192 2313 decernet:
2252 2246 2408 2310 Οὔτε
2472 2240 2583 2311 οὖν
2648 2246 3012 2329 εὐχομένοις

660 2347 851 2414 δώσει
892 2349 1077 2431 παρὰ
1119 2346 1226 2434 τὴν
1267 2348 1473 2428 ἀξίαν,
1531 2348 1676 2413 οὔτε
1735 2347 1850 2413 οὐκ
1908 2347 2277 2431 εὐχομένοις
2334 2349 2407 2413 οὗ
2466 2347 2658 2414 δώσει
2699 2349 2861 2414 κατὰ
2902 2349 3017 2436 τὴν

660 2451 851 2533 ἀξίαν
871 2454 913 2519 ⁶.
999 2452 1341 2518 Dicentem
1375 2452 1656 2533 aliquem
1684 2451 1944 2519 inducit
1988 2453 2102 2534 qui
2130 2458 2370 2535 censet,
2415 2471 2838 2535 quaecunque
2881 2452 3012 2520 sibi

660 2554 929 2624 evenire
970 2560 1328 2637 precentur
1365 2554 1677 2639 homineS,
1717 2561 1838 2622 aut
1879 2556 2026 2638 regi
2067 2555 2499 2637 providentia,
2547 2574 2717 2635 quae
2760 2555 2869 2620 dei
2901 2554 3010 2637 sit,

661 2662 784 2726 aut
804 2658 947 2725 fato
970 2658 1133 2742 cogi,
1158 2660 1329 2739 quod
1357 2657 1451 2724 sit
1471 2659 1910 2740 necessitatis,
1941 2662 2061 2725 aut
2089 2676 2244 2724 casu
2267 2658 2528 2742 mutari,
2560 2657 2673 2740 qui
2695 2656 3010 2723 fortuitus

659 2762 768 2846 sit,
799 2765 919 2830 aut
948 2762 1317 2843 dependere
1348 2766 1509 2845 arte,
1540 2780 1708 2843 quae
1737 2761 1830 2827 sit
1858 2760 2153 2827 hominis
2210 2759 2491 2843 Sperare
2521 2779 2637 2827 nos
2666 2779 2794 2827 non
2825 2777 3014 2842 posse

658 2863 909 2931 iudicat
951 2856 1091 2931 fore
1136 2868 1214 2930 ut
1258 2883 1300 2930 a
1340 2863 1765 2946 providentia
1822 2864 2269 2947 exaudiamur,
2327 2862 2484 2945 quia
2543 2864 2703 2929 deus
2748 2862 3015 2946 singula

656 2966 956 3052 neglegit
979 2966 1042 3052 (ξ
1058 2968 1156 3050 4);
1193 2966 1427 3034 deinde
1450 2986 1491 3033 a
1515 2966 1653 3034 fato
1677 2967 1929 3049 aliquid
1951 2966 2090 3049 peti
2112 2966 2460 3033 ridiculum
2484 2985 2658 3048 esse3
2690 2964 3015 3033 sacrificia

660 3089 914 3152 quoque
943 3068 1486 3151 precationesque
1515 3088 1660 3136 esse
1688 3069 1976 3153 inutilia,
2020 3070 2180 3152 quia
2201 3069 2333 3152 ipsi
2356 3068 2465 3136 dei
2490 3068 2634 3135 fato
2655 3087 2890 3152 parere
2911 3087 3015 3134 co-

659 3179 906 3257 gantur
935 3172 997 3258 (ἓ
1020 3173 1104 3255 5),
1137 3172 1444 3240 fortunae
1474 3177 1695 3239 autem
1719 3172 2096 3255 supplicare
2126 3173 2417 3239 homines
2451 3172 2737 3239 dementi
2761 3176 2830 3238 et
2858 3171 3015 3238 insi-

660 3274 874 3358 pienti
889 3276 1164 3342 stultum
1182 3294 1343 3361 esse,
1366 3280 1567 3357 atque
1586 3295 1794 3358 aeque
1809 3276 2103 3358 ineptum
2123 3294 2269 3342 esse
2284 3294 2401 3342 nos
2415 3274 2693 3357 precari,
2708 3293 2852 3340 cum
2869 3277 3016 3341 arte

656 3396 824 3461 opus
853 3377 964 3445 sit.
1021 3378 1161 3460 Ipsi
1188 3378 1482 3447 homines
1506 3399 1674 3461 quae
1703 3379 1951 3462 volunt,
1982 3377 2245 3446 efficere
2274 3383 2550 3460 possunt
2571 3379 2633 3463 (ἓ
2656 3377 2775 3462 6).⁰
2830 3377 3016 3444 Bona

837 3548 858 3581 ¹
891 3549 1070 3605 Zeller
1103 3548 1190 3603 ΠΙ
1225 3549 1258 3601 2
1291 3565 1344 3617 p.
1373 3548 1674 3604 203-204:
1709 3548 1912 3604 Dieser
1933 3549 2119 3604 Manu
2141 3548 2287 3604 steht
2306 3549 2414 3603 mit
2434 3548 2702 3604 Plutarch
2729 3546 2844 3617 auf
2870 3546 3015 3601 dem-

658 3634 839 3690 selben
871 3633 1062 3689 Boden
1102 3633 1194 3689 dea
1241 3634 1592 3689 eklektischen
1624 3634 2027 3705 Platonismus‚
2074 3634 2171 3689 der
2215 3634 2332 3689 sich
2367 3634 2563 3689 bereits
2608 3633 2844 3689 deutlich
2888 3650 3018 3687 zum

664 3719 1160 3789 Nauplatonismus
1194 3718 1589 3790 him'a‘bcrnciyt.

834 3805 859 3838 ⁹
892 3806 974 3860 XI
1008 3806 1044 3860 3
1077 3805 1344 3876 imprimis
1378 3806 1600 3861 Homeri
1635 3821 1855 3862 versum
1889 3807 1956 3861 Il.
1991 3807 2073 3861 IX
2108 3807 2209 3860 497
2247 3805 2507 3862 acerrime
2540 3805 2826 3874 improbat.

834 3890 858 3923 ⁸
892 3892 1008 3960 §3:
1048 3891 1471 3944 Mevavfflsoflm
1491 3892 1596 3961 γὰρ
1620 3895 1710 3942 καὶ
1729 3890 2184 3962 μεταγιγνώσκειν
2215 3890 2475 3960 προσῆκει
2497 3889 2570 3957 μὴ
2606 3888 2691 3942 ὅτι
2726 3892 2865 3953 θεῷ,
2901 3885 3014 3941 ἀλλ’

659 3973 788 4029 οὐδὲ
831 3973 986 4047 ἀνδρὶ
1032 3974 1233 4045 ἀγαθῷ
1278 3972 1388 4032 κτλ.
1471 3976 1553 4032 Of.
1599 3977 1865 4047 Porphyr.
1901 3977 1981 4032 'de
2028 3978 2167 4032 abst.
2213 3977 2273 4033 11
2318 3976 2414 4045 603
2461 3976 2531 4031 ad
2575 3977 2739 4031 Marc.
2788 3992 2872 4045 ep.
2921 3973 3017 4043 19;

660 4063 782 4119 Seu.
818 4067 932 4118 nat.
969 4067 1178 4132 quaest.
1214 4063 1326 4119 VII
1360 4063 1421 4133 13
1470 4063 1619 4120 Stob.
1655 4064 1861 4118 anthol.
1897 4063 1927 4117 I
1961 4062 2056 4132 53;
2109 4063 2272 4118 Plato
2317 4063 2434 4118 Pol.
2469 4062 2759 4131 364Bsqq.
2774 4082 2788 4131 ;
2823 4060 3016 4129 365E;

659 4148 834 4219 Legg.
870 4148 1052 4203 9051).

831 4233 1056 4289 ⁴XI3.
1366 4234 1662 4302 ⁶§3sub
1696 4235 1822 4290 fine.

832 4319 858 4353 ⁶
890 4319 1040 4375 Haec
1074 4318 1256 4376 Stoica
1291 4319 1472 4390 opinio
1507 4325 1608 4389 est,
1646 4320 1713 4375 de
1748 4320 1970 4375 Socrate
2005 4318 2248 4387 loquitur
2281 4320 2313 4387 ξ
2350 4318 2400 4373 8.
