<?xml version="1.0" encoding="UTF-8"?>
<!DOCTYPE html PUBLIC "-//W3C//DTD XHTML 1.0 Transitional//EN"
    "http://www.w3.org/TR/xhtml1/DTD/xhtml1-transitional.dtd">
<html xmlns="http://www.w3.org/1999/xhtml" xml:lang="en" lang="en">
 <head>
  <title>
</title>
<meta http-equiv="Content-Type" content="text/html;charset=utf-8" />
  <meta name='ocr-system' content='tesseract 3.04.00' />
  <meta name='ocr-capabilities' content='ocr_page ocr_carea ocr_par ocr_line ocrx_word'/>
</head>
<body>
  <div class='ocr_page' id='page_1' title='image "./veteresphilosop00schmgoog_0059.png"; bbox 0 0 3509 5067; ppageno 0'>
   <div class='ocr_carea' id='block_1_1' title="bbox 484 355 2863 451">
    <p class='ocr_par' dir='ltr' id='par_1_1' title="bbox 484 355 2863 451">
     <span class='ocr_line' id='line_1_1' title="bbox 484 355 2863 451; baseline -0.003 -35"><span class='ocrx_word' id='word_1_1' title='bbox 484 361 606 451; x_wconf 75' lang='lat'><strong>45]</strong></span> <span class='ocrx_word' id='word_1_2' title='bbox 850 361 1079 416; x_wconf 83' lang='lat' dir='ltr'><strong>Veteres</strong></span> <span class='ocrx_word' id='word_1_3' title='bbox 1114 357 1418 428; x_wconf 82' lang='lat' dir='ltr'>philosophi</span> <span class='ocrx_word' id='word_1_4' title='bbox 1452 355 1712 425; x_wconf 84' lang='lat' dir='ltr'><strong>quomodo</strong></span> <span class='ocrx_word' id='word_1_5' title='bbox 1746 355 2115 411; x_wconf 85' lang='lat' dir='ltr'><strong>iudicaverint</strong></span> <span class='ocrx_word' id='word_1_6' title='bbox 2148 355 2216 410; x_wconf 88' lang='lat' dir='ltr'><strong>de</strong></span> <span class='ocrx_word' id='word_1_7' title='bbox 2249 355 2498 425; x_wconf 85' lang='lat' dir='ltr'><strong>precibus</strong></span> <span class='ocrx_word' id='word_1_8' title='bbox 2773 357 2863 423; x_wconf 85' lang='lat'><strong>45</strong></span> 
     </span>
    </p>
   </div>
   <div class='ocr_carea' id='block_1_2' title="bbox 488 525 2870 2047">
    <p class='ocr_par' dir='ltr' id='par_1_2' title="bbox 488 525 2870 2047">
     <span class='ocr_line' id='line_1_2' title="bbox 488 525 2861 616; baseline -0.003 -15"><span class='ocrx_word' id='word_1_9' title='bbox 488 533 752 616; x_wconf 76' lang='lat' dir='ltr'><strong>spicere</strong></span> <span class='ocrx_word' id='word_1_10' title='bbox 798 534 868 598; x_wconf 92' lang='lat' dir='ltr'><strong>et</strong></span> <span class='ocrx_word' id='word_1_11' title='bbox 912 549 1144 597; x_wconf 87' lang='lat' dir='ltr'><strong>curare</strong></span> <span class='ocrx_word' id='word_1_12' title='bbox 1187 531 1396 612; x_wconf 85' lang='lat' dir='ltr'><strong>negat</strong></span> <span class='ocrx_word' id='word_1_13' title='bbox 1416 530 1461 595; x_wconf 85' lang='lat'><strong>².</strong></span> <span class='ocrx_word' id='word_1_14' title='bbox 1547 527 1620 594; x_wconf 87' lang='lat' dir='ltr'><strong>Si</strong></span> <span class='ocrx_word' id='word_1_15' title='bbox 1662 545 1893 610; x_wconf 82' lang='lat' dir='ltr'><strong>preces</strong></span> <span class='ocrx_word' id='word_1_16' title='bbox 1950 544 2080 593; x_wconf 88' lang='lat' dir='ltr'><strong>non</strong></span> <span class='ocrx_word' id='word_1_17' title='bbox 2125 525 2582 609; x_wconf 84' lang='lat' dir='ltr'><strong>exaudiuntur,</strong></span> <span class='ocrx_word' id='word_1_18' title='bbox 2633 545 2861 608; x_wconf 82' lang='lat' dir='ltr'><strong>preces</strong></span> 
     </span>
     <span class='ocr_line' id='line_1_3' title="bbox 492 628 2860 717; baseline -0.003 -14"><span class='ocrx_word' id='word_1_19' title='bbox 492 642 700 717; x_wconf 85' lang='lat' dir='ltr'><strong>atque</strong></span> <span class='ocrx_word' id='word_1_20' title='bbox 768 634 988 700; x_wconf 89' lang='lat' dir='ltr'><strong>cultus</strong></span> <span class='ocrx_word' id='word_1_21' title='bbox 1056 634 1324 698; x_wconf 89' lang='lat' dir='ltr'><strong>deorum</strong></span> <span class='ocrx_word' id='word_1_22' title='bbox 1395 629 1734 696; x_wconf 89' lang='lat' dir='ltr'><strong>reicienda</strong></span> <span class='ocrx_word' id='word_1_23' title='bbox 1817 634 1988 695; x_wconf 88' lang='lat' dir='ltr'><strong>sunt.</strong></span> <span class='ocrx_word' id='word_1_24' title='bbox 2106 628 2315 712; x_wconf 80' lang='lat' dir='ltr'><strong>Quam</strong></span> <span class='ocrx_word' id='word_1_25' title='bbox 2387 628 2860 695; x_wconf 86' lang='lat' dir='ltr'><strong>conclusionem</strong></span> 
     </span>
     <span class='ocr_line' id='line_1_4' title="bbox 497 729 2863 815; baseline -0.003 -10"><span class='ocrx_word' id='word_1_26' title='bbox 497 736 804 805; x_wconf 90' lang='lat' dir='ltr'><strong>Plotinus</strong></span> <span class='ocrx_word' id='word_1_27' title='bbox 861 735 992 802; x_wconf 87' lang='lat' dir='ltr'><strong>sibi</strong></span> <span class='ocrx_word' id='word_1_28' title='bbox 1048 753 1178 801; x_wconf 90' lang='lat' dir='ltr'><strong>non</strong></span> <span class='ocrx_word' id='word_1_29' title='bbox 1238 736 1548 800; x_wconf 77' lang='lat' dir='ltr'><strong>constans</strong></span> <span class='ocrx_word' id='word_1_30' title='bbox 1607 731 1928 815; x_wconf 87' lang='lat' dir='ltr'><strong>evitavit,</strong></span> <span class='ocrx_word' id='word_1_31' title='bbox 1999 749 2142 798; x_wconf 90' lang='lat' dir='ltr'><strong>cum</strong></span> <span class='ocrx_word' id='word_1_32' title='bbox 2202 729 2658 815; x_wconf 79' lang='lat' dir='ltr'><strong>cognationem</strong></span> <span class='ocrx_word' id='word_1_33' title='bbox 2716 749 2863 797; x_wconf 90' lang='lat' dir='ltr'><strong>esse</strong></span> 
     </span>
     <span class='ocr_line' id='line_1_5' title="bbox 492 832 2864 922; baseline -0.004 -15"><span class='ocrx_word' id='word_1_34' title='bbox 492 842 833 922; x_wconf 83' lang='lat' dir='ltr'><strong>quandam</strong></span> <span class='ocrx_word' id='word_1_35' title='bbox 867 842 1152 906; x_wconf 89' lang='lat' dir='ltr'><strong>naturae</strong></span> <span class='ocrx_word' id='word_1_36' title='bbox 1183 841 1387 918; x_wconf 86' lang='lat' dir='ltr'><strong>atque</strong></span> <span class='ocrx_word' id='word_1_37' title='bbox 1418 835 1607 916; x_wconf 89' lang='lat' dir='ltr'><strong>quasi</strong></span> <span class='ocrx_word' id='word_1_38' title='bbox 1637 838 2020 901; x_wconf 87' lang='lat' dir='ltr'><strong>concentum</strong></span> <span class='ocrx_word' id='word_1_39' title='bbox 2053 838 2123 900; x_wconf 91' lang='lat' dir='ltr'><strong>et</strong></span> <span class='ocrx_word' id='word_1_40' title='bbox 2167 851 2549 900; x_wconf 88' lang='lat' dir='ltr'><strong>consensum</strong></span> <span class='ocrx_word' id='word_1_41' title='bbox 2580 832 2864 900; x_wconf 90' lang='lat' dir='ltr'><strong>omnium</strong></span> 
     </span>
     <span class='ocr_line' id='line_1_6' title="bbox 498 935 2865 1022; baseline -0.004 -11"><span class='ocrx_word' id='word_1_42' title='bbox 498 961 718 1015; x_wconf 86' lang='lat' dir='ltr'><strong>rerum</strong></span> <span class='ocrx_word' id='word_1_43' title='bbox 765 941 1160 1022; x_wconf 87' lang='lat' dir='ltr'><strong>affirmabat,</strong></span> <span class='ocrx_word' id='word_1_44' title='bbox 1205 957 1397 1021; x_wconf 90' lang='lat' dir='ltr'><strong>quem</strong></span> <span class='ocrx_word' id='word_1_45' title='bbox 1433 937 1675 1004; x_wconf 80' lang='lat' dir='ltr'><strong>Graeci</strong></span> <span class='ocrx_word' id='word_1_46' title='bbox 1720 937 2136 1018; x_wconf 74' lang='grc' dir='ltr'><em>συμπάθειαν</em></span> <span class='ocrx_word' id='word_1_47' title='bbox 2180 937 2631 1018; x_wconf 80' lang='lat' dir='ltr'><strong>appellabant.</strong></span> <span class='ocrx_word' id='word_1_48' title='bbox 2717 935 2865 1019; x_wconf 79' lang='lat' dir='ltr'><strong>Qua</strong></span> 
     </span>
     <span class='ocr_line' id='line_1_7' title="bbox 496 1037 2867 1125; baseline -0.003 -13"><span class='ocrx_word' id='word_1_49' title='bbox 496 1064 750 1112; x_wconf 84' lang='lat' dir='ltr'><strong>arcana</strong></span> <span class='ocrx_word' id='word_1_50' title='bbox 781 1043 856 1111; x_wconf 86' lang='lat' dir='ltr'><strong>vi</strong></span> <span class='ocrx_word' id='word_1_51' title='bbox 876 1043 902 1080; x_wconf 77' lang='lat'><strong>²</strong></span> <span class='ocrx_word' id='word_1_52' title='bbox 958 1041 1222 1125; x_wconf 91' lang='lat' dir='ltr'><strong>proprie</strong></span> <span class='ocrx_word' id='word_1_53' title='bbox 1269 1040 1529 1121; x_wconf 85' lang='lat' dir='ltr'><strong>quidem</strong></span> <span class='ocrx_word' id='word_1_54' title='bbox 1581 1058 1809 1122; x_wconf 90' lang='lat' dir='ltr'><strong>preces</strong></span> <span class='ocrx_word' id='word_1_55' title='bbox 1853 1057 1984 1105; x_wconf 89' lang='lat' dir='ltr'><strong>non</strong></span> <span class='ocrx_word' id='word_1_56' title='bbox 2029 1039 2479 1106; x_wconf 84' lang='lat' dir='ltr'><strong>exaudiuntur</strong></span> <span class='ocrx_word' id='word_1_57' title='bbox 2497 1037 2542 1106; x_wconf 77' lang='lat'><strong>⁸.</strong></span> <span class='ocrx_word' id='word_1_58' title='bbox 2629 1037 2867 1105; x_wconf 83' lang='lat' dir='ltr'><strong>Sidera</strong></span> 
     </span>
     <span class='ocr_line' id='line_1_8' title="bbox 492 1141 2867 1228; baseline -0.004 -12"><span class='ocrx_word' id='word_1_59' title='bbox 492 1166 715 1228; x_wconf 56' lang='lat' dir='ltr'><strong>‘neque</strong></span> <span class='ocrx_word' id='word_1_60' title='bbox 758 1145 1174 1228; x_wconf 89' lang='lat' dir='ltr'><strong>precationes</strong></span> <span class='ocrx_word' id='word_1_61' title='bbox 1204 1143 1571 1210; x_wconf 84' lang='lat' dir='ltr'><strong>exaudiunt</strong></span> <span class='ocrx_word' id='word_1_62' title='bbox 1590 1144 1617 1181; x_wconf 73' lang='lat'><strong>⁴</strong></span> <span class='ocrx_word' id='word_1_63' title='bbox 1661 1161 1878 1224; x_wconf 90' lang='lat' dir='ltr'><strong>neque</strong></span> <span class='ocrx_word' id='word_1_64' title='bbox 1916 1141 2071 1226; x_wconf 91' lang='lat' dir='ltr'><strong>alia,</strong></span> <span class='ocrx_word' id='word_1_65' title='bbox 2109 1160 2279 1223; x_wconf 89' lang='lat' dir='ltr'><strong>quae</strong></span> <span class='ocrx_word' id='word_1_66' title='bbox 2322 1141 2391 1207; x_wconf 90' lang='lat' dir='ltr'><strong>in</strong></span> <span class='ocrx_word' id='word_1_67' title='bbox 2436 1141 2637 1207; x_wconf 89' lang='lat' dir='ltr'><strong>terris</strong></span> <span class='ocrx_word' id='word_1_68' title='bbox 2680 1141 2867 1224; x_wconf 88' lang='lat' dir='ltr'><strong>fiunt,</strong></span> 
     </span>
     <span class='ocr_line' id='line_1_9' title="bbox 498 1243 2866 1333; baseline -0.003 -17"><span class='ocrx_word' id='word_1_69' title='bbox 498 1249 903 1333; x_wconf 84' lang='lat' dir='ltr'><strong>intellegunt</strong></span> <span class='ocrx_word' id='word_1_70' title='bbox 924 1248 966 1312; x_wconf 81' lang='lat'><strong>⁶.</strong></span> <span class='ocrx_word' id='word_1_71' title='bbox 1067 1247 1211 1313; x_wconf 90' lang='lat' dir='ltr'><strong>Non</strong></span> <span class='ocrx_word' id='word_1_72' title='bbox 1270 1245 1783 1312; x_wconf 88' lang='lat' dir='ltr'><strong>reminiscuntur</strong></span> <span class='ocrx_word' id='word_1_73' title='bbox 1837 1243 2344 1328; x_wconf 86' lang='lat' dir='ltr'><strong>invocationum,</strong></span> <span class='ocrx_word' id='word_1_74' title='bbox 2402 1247 2480 1310; x_wconf 88' lang='lat' dir='ltr'><strong>ut</strong></span> <span class='ocrx_word' id='word_1_75' title='bbox 2535 1245 2661 1309; x_wconf 87' lang='lat' dir='ltr'><strong>hac</strong></span> <span class='ocrx_word' id='word_1_76' title='bbox 2717 1243 2866 1326; x_wconf 88' lang='lat' dir='ltr'><strong>ipsa</strong></span> 
     </span>
     <span class='ocr_line' id='line_1_10' title="bbox 490 1345 2865 1431; baseline -0.003 -13"><span class='ocrx_word' id='word_1_77' title='bbox 490 1353 585 1418; x_wconf 86' lang='lat' dir='ltr'><strong>de</strong></span> <span class='ocrx_word' id='word_1_78' title='bbox 628 1369 829 1418; x_wconf 88' lang='lat' dir='ltr'><strong>causa</strong></span> <span class='ocrx_word' id='word_1_79' title='bbox 870 1350 1238 1417; x_wconf 86' lang='lat' dir='ltr'><strong>hominibus</strong></span> <span class='ocrx_word' id='word_1_80' title='bbox 1282 1351 1744 1431; x_wconf 88' lang='lat' dir='ltr'><strong>obtemperare</strong></span> <span class='ocrx_word' id='word_1_81' title='bbox 1793 1366 1925 1413; x_wconf 90' lang='lat' dir='ltr'><strong>non</strong></span> <span class='ocrx_word' id='word_1_82' title='bbox 1976 1347 2231 1429; x_wconf 86' lang='lat' dir='ltr'><strong>possint</strong></span> <span class='ocrx_word' id='word_1_83' title='bbox 2253 1346 2295 1413; x_wconf 77' lang='lat'><strong>⁰.</strong></span> <span class='ocrx_word' id='word_1_84' title='bbox 2380 1345 2721 1413; x_wconf 88' lang='lat' dir='ltr'><strong>Acerrime</strong></span> <span class='ocrx_word' id='word_1_85' title='bbox 2764 1345 2865 1412; x_wconf 90' lang='lat' dir='ltr'><strong>in·</strong></span> 
     </span>
     <span class='ocr_line' id='line_1_11' title="bbox 500 1448 2866 1533; baseline -0.003 -12"><span class='ocrx_word' id='word_1_86' title='bbox 500 1454 772 1521; x_wconf 81' lang='lat' dir='ltr'><strong>vehitur</strong></span> <span class='ocrx_word' id='word_1_87' title='bbox 828 1453 899 1518; x_wconf 92' lang='lat' dir='ltr'><strong>in</strong></span> <span class='ocrx_word' id='word_1_88' title='bbox 953 1471 1063 1519; x_wconf 90' lang='lat' dir='ltr'><strong>eos</strong></span> <span class='ocrx_word' id='word_1_89' title='bbox 1123 1451 1236 1533; x_wconf 90' lang='lat' dir='ltr'><strong>qui</strong></span> <span class='ocrx_word' id='word_1_90' title='bbox 1294 1451 1654 1533; x_wconf 84' lang='lat' dir='ltr'><strong>opinantur</strong></span> <span class='ocrx_word' id='word_1_91' title='bbox 1706 1450 1928 1516; x_wconf 88' lang='lat' dir='ltr'><strong>sidera</strong></span> <span class='ocrx_word' id='word_1_92' title='bbox 1985 1469 2117 1516; x_wconf 91' lang='lat' dir='ltr'><strong>non</strong></span> <span class='ocrx_word' id='word_1_93' title='bbox 2181 1450 2392 1516; x_wconf 88' lang='lat' dir='ltr'><strong>solum</strong></span> <span class='ocrx_word' id='word_1_94' title='bbox 2450 1449 2628 1515; x_wconf 86' lang='lat' dir='ltr'><strong>iusta</strong></span> <span class='ocrx_word' id='word_1_95' title='bbox 2685 1448 2866 1516; x_wconf 88' lang='lat' dir='ltr'><strong>facta</strong></span> 
     </span>
     <span class='ocr_line' id='line_1_12' title="bbox 500 1551 2864 1636; baseline -0.003 -13"><span class='ocrx_word' id='word_1_96' title='bbox 500 1559 620 1623; x_wconf 88' lang='lat' dir='ltr'><strong>sed</strong></span> <span class='ocrx_word' id='word_1_97' title='bbox 651 1556 855 1622; x_wconf 92' lang='lat' dir='ltr'><strong>etiam</strong></span> <span class='ocrx_word' id='word_1_98' title='bbox 899 1554 1149 1621; x_wconf 88' lang='lat' dir='ltr'><strong>iniusta</strong></span> <span class='ocrx_word' id='word_1_99' title='bbox 1177 1554 1512 1635; x_wconf 88' lang='lat' dir='ltr'><strong>perficere.</strong></span> <span class='ocrx_word' id='word_1_100' title='bbox 1585 1553 1763 1636; x_wconf 80' lang='lat' dir='ltr'><strong>Quos</strong></span> <span class='ocrx_word' id='word_1_101' title='bbox 1790 1551 2075 1619; x_wconf 90' lang='lat' dir='ltr'><strong>refutari</strong></span> <span class='ocrx_word' id='word_1_102' title='bbox 2118 1552 2265 1620; x_wconf 87' lang='lat' dir='ltr'><strong>vult</strong></span> <span class='ocrx_word' id='word_1_103' title='bbox 2292 1551 2614 1634; x_wconf 90' lang='lat' dir='ltr'><strong>imprimis</strong></span> <span class='ocrx_word' id='word_1_104' title='bbox 2643 1569 2864 1617; x_wconf 89' lang='lat' dir='ltr'><strong>eorum</strong></span> 
     </span>
     <span class='ocr_line' id='line_1_13' title="bbox 492 1651 2870 1740; baseline -0.003 -17"><span class='ocrx_word' id='word_1_105' title='bbox 492 1676 704 1731; x_wconf 74' lang='lat' dir='ltr'><strong>causa</strong></span> <span class='ocrx_word' id='word_1_106' title='bbox 747 1656 861 1738; x_wconf 87' lang='lat' dir='ltr'><strong>qui</strong></span> <span class='ocrx_word' id='word_1_107' title='bbox 904 1656 1205 1740; x_wconf 86' lang='lat' dir='ltr'><strong>graviter</strong></span> <span class='ocrx_word' id='word_1_108' title='bbox 1246 1655 1475 1722; x_wconf 85' lang='lat' dir='ltr'><strong>ferunt</strong></span> <span class='ocrx_word' id='word_1_109' title='bbox 1509 1654 1707 1730; x_wconf 76' lang='grc' dir='ltr'><strong><em>θεοὺς</em></strong></span> <span class='ocrx_word' id='word_1_110' title='bbox 1736 1652 2073 1740; x_wconf 78' lang='grc' dir='ltr'><strong><em>συνεργοὺς</em></strong></span> <span class='ocrx_word' id='word_1_111' title='bbox 2100 1654 2213 1717; x_wconf 88' lang='grc' dir='ltr'><strong>καὶ</strong></span> <span class='ocrx_word' id='word_1_112' title='bbox 2241 1651 2484 1730; x_wconf 78' lang='grc' dir='ltr'><strong><em>αἰτίους</em></strong></span> <span class='ocrx_word' id='word_1_113' title='bbox 2525 1654 2870 1738; x_wconf 75' lang='grc' dir='ltr'><strong><em>γίγνεσθαι</em></strong></span> 
     </span>
     <span class='ocr_line' id='line_1_14' title="bbox 492 1754 2866 1843; baseline -0.002 -19"><span class='ocrx_word' id='word_1_114' title='bbox 492 1758 768 1832; x_wconf 73' lang='grc' dir='ltr'><strong><em>ἀτόπων</em></strong></span> <span class='ocrx_word' id='word_1_115' title='bbox 810 1756 1016 1843; x_wconf 72' lang='grc' dir='ltr'><strong><em>ἔργων</em></strong></span> <span class='ocrx_word' id='word_1_116' title='bbox 1057 1769 1184 1822; x_wconf 85' lang='grc' dir='ltr'><strong>τῶν</strong></span> <span class='ocrx_word' id='word_1_117' title='bbox 1226 1780 1298 1822; x_wconf 82' lang='grc' dir='ltr'><strong>τε</strong></span> <span class='ocrx_word' id='word_1_118' title='bbox 1340 1756 1553 1821; x_wconf 78' lang='grc' dir='ltr'><strong><em>ἄλλων</em></strong></span> <span class='ocrx_word' id='word_1_119' title='bbox 1610 1758 1721 1821; x_wconf 85' lang='grc' dir='ltr'><strong>καὶ</strong></span> <span class='ocrx_word' id='word_1_120' title='bbox 1766 1756 1843 1843; x_wconf 79' lang='grc' dir='ltr'><strong>δὴ</strong></span> <span class='ocrx_word' id='word_1_121' title='bbox 1902 1758 2015 1822; x_wconf 82' lang='grc' dir='ltr'><strong>καὶ</strong></span> <span class='ocrx_word' id='word_1_122' title='bbox 2054 1756 2223 1842; x_wconf 82' lang='grc' dir='ltr'><strong><em>πρὸς</em></strong></span> <span class='ocrx_word' id='word_1_123' title='bbox 2265 1754 2509 1843; x_wconf 71' lang='grc' dir='ltr'><strong><em>ἔρωτας</em></strong></span> <span class='ocrx_word' id='word_1_124' title='bbox 2550 1756 2663 1820; x_wconf 81' lang='grc' dir='ltr'><strong>καὶ</strong></span> <span class='ocrx_word' id='word_1_125' title='bbox 2720 1754 2866 1821; x_wconf 83' lang='grc' dir='ltr'><strong><em>ἀκο-</em></strong></span> 
     </span>
     <span class='ocr_line' id='line_1_15' title="bbox 493 1861 2868 1948; baseline 0 -22"><span class='ocrx_word' id='word_1_126' title='bbox 493 1862 774 1938; x_wconf 80' lang='grc' dir='ltr'><strong><em>λάστους</em></strong></span> <span class='ocrx_word' id='word_1_127' title='bbox 805 1861 1150 1948; x_wconf 82' lang='grc' dir='ltr'><strong><em>συλλήψεις</em></strong></span> <span class='ocrx_word' id='word_1_128' title='bbox 1174 1863 1212 1928; x_wconf 73' lang='lat'><strong>⁷.</strong></span> <span class='ocrx_word' id='word_1_129' title='bbox 1299 1862 1470 1928; x_wconf 88' lang='lat' dir='ltr'><strong>Miro</strong></span> <span class='ocrx_word' id='word_1_130' title='bbox 1505 1863 1783 1943; x_wconf 89' lang='lat' dir='ltr'><strong>quodam</strong></span> <span class='ocrx_word' id='word_1_131' title='bbox 1828 1866 2146 1928; x_wconf 85' lang='lat' dir='ltr'><strong>concentu</strong></span> <span class='ocrx_word' id='word_1_132' title='bbox 2190 1867 2262 1928; x_wconf 92' lang='lat' dir='ltr'><strong>et</strong></span> <span class='ocrx_word' id='word_1_133' title='bbox 2291 1879 2606 1927; x_wconf 89' lang='lat' dir='ltr'><strong>consensu</strong></span> <span class='ocrx_word' id='word_1_134' title='bbox 2650 1879 2868 1927; x_wconf 89' lang='lat' dir='ltr'><strong>rerum</strong></span> 
     </span>
     <span class='ocr_line' id='line_1_16' title="bbox 500 1963 2869 2047; baseline -0 -15"><span class='ocrx_word' id='word_1_135' title='bbox 500 1965 876 2032; x_wconf 87' lang='lat' dir='ltr'><strong>continetur</strong></span> <span class='ocrx_word' id='word_1_136' title='bbox 920 1965 1194 2032; x_wconf 86' lang='lat' dir='ltr'><strong>effectus</strong></span> <span class='ocrx_word' id='word_1_137' title='bbox 1223 1965 1676 2047; x_wconf 89' lang='lat' dir='ltr'><strong>precationum</strong></span> <span class='ocrx_word' id='word_1_138' title='bbox 1698 1964 1740 2034; x_wconf 82' lang='lat'><strong>⁸.</strong></span> <span class='ocrx_word' id='word_1_139' title='bbox 1828 1964 2135 2031; x_wconf 88' lang='lat' dir='ltr'><strong>Precatio</strong></span> <span class='ocrx_word' id='word_1_140' title='bbox 2170 1963 2379 2047; x_wconf 86' lang='lat' dir='ltr'><strong>igitur</strong></span> <span class='ocrx_word' id='word_1_141' title='bbox 2407 1982 2675 2046; x_wconf 88' lang='lat' dir='ltr'><strong>prorsus</strong></span> <span class='ocrx_word' id='word_1_142' title='bbox 2723 1983 2869 2031; x_wconf 90' lang='lat' dir='ltr'><strong>cum</strong></span> 
     </span>
    </p>
   </div>
   <div class='ocr_carea' id='block_1_3' title="bbox 493 2116 2877 3642">
    <p class='ocr_par' dir='ltr' id='par_1_3' title="bbox 680 2116 1711 2188">
     <span class='ocr_line' id='line_1_17' title="bbox 680 2116 1711 2188; baseline -0.003 -14"><span class='ocrx_word' id='word_1_143' title='bbox 680 2121 701 2153; x_wconf 90' lang='lat'><strong>¹</strong></span> <span class='ocrx_word' id='word_1_144' title='bbox 737 2120 818 2174; x_wconf 81' lang='lat' dir='ltr'><strong>Of.</strong></span> <span class='ocrx_word' id='word_1_145' title='bbox 855 2119 1031 2174; x_wconf 89' lang='lat' dir='ltr'><strong>Zeller</strong></span> <span class='ocrx_word' id='word_1_146' title='bbox 1064 2119 1154 2173; x_wconf 91' lang='lat' dir='ltr'><strong>III</strong></span> <span class='ocrx_word' id='word_1_147' title='bbox 1190 2118 1223 2171; x_wconf 89' lang='grc'><strong>2</strong></span> <span class='ocrx_word' id='word_1_148' title='bbox 1257 2135 1310 2188; x_wconf 88' lang='lat' dir='ltr'><strong>p.</strong></span> <span class='ocrx_word' id='word_1_149' title='bbox 1345 2117 1465 2187; x_wconf 87' lang='grc'><strong>626,</strong></span> <span class='ocrx_word' id='word_1_150' title='bbox 1500 2135 1554 2186; x_wconf 91' lang='lat' dir='ltr'><strong>p.</strong></span> <span class='ocrx_word' id='word_1_151' title='bbox 1591 2116 1711 2171; x_wconf 85' lang='lat'><strong>560.</strong></span> 
     </span>
    </p>

    <p class='ocr_par' dir='ltr' id='par_1_4' title="bbox 493 2202 2870 2530">
     <span class='ocr_line' id='line_1_18' title="bbox 675 2202 2867 2274; baseline 0 -15"><span class='ocrx_word' id='word_1_152' title='bbox 675 2204 699 2236; x_wconf 82' lang='lat'><strong>²</strong></span> <span class='ocrx_word' id='word_1_153' title='bbox 734 2205 943 2259; x_wconf 89' lang='lat' dir='ltr'><strong>Plotini</strong></span> <span class='ocrx_word' id='word_1_154' title='bbox 965 2204 1251 2259; x_wconf 86' lang='lat' dir='ltr'><strong>Enneades</strong></span> <span class='ocrx_word' id='word_1_155' title='bbox 1271 2204 1373 2274; x_wconf 89' lang='lat' dir='ltr'><strong>(ed.</strong></span> <span class='ocrx_word' id='word_1_156' title='bbox 1398 2204 1465 2258; x_wconf 88' lang='lat' dir='ltr'><strong>R.</strong></span> <span class='ocrx_word' id='word_1_157' title='bbox 1491 2203 1803 2258; x_wconf 87' lang='lat' dir='ltr'><strong>Volkmann</strong></span> <span class='ocrx_word' id='word_1_158' title='bbox 1821 2202 2231 2271; x_wconf 71' lang='lat' dir='ltr'><strong>Lips.1883[84)</strong></span> <span class='ocrx_word' id='word_1_159' title='bbox 2257 2204 2340 2259; x_wconf 90' lang='lat' dir='ltr'><strong>IV</strong></span> <span class='ocrx_word' id='word_1_160' title='bbox 2355 2205 2406 2273; x_wconf 86' lang='lat'><strong>4,</strong></span> <span class='ocrx_word' id='word_1_161' title='bbox 2425 2203 2520 2272; x_wconf 80' lang='lat'><strong>413</strong></span> <span class='ocrx_word' id='word_1_162' title='bbox 2545 2204 2666 2259; x_wconf 83' lang='lat' dir='ltr'><strong>voti</strong></span> <span class='ocrx_word' id='word_1_163' title='bbox 2688 2211 2867 2274; x_wconf 85' lang='lat' dir='ltr'><strong>potes-</strong></span> 
     </span>
     <span class='ocr_line' id='line_1_19' title="bbox 493 2288 2868 2358; baseline -0.001 -12"><span class='ocrx_word' id='word_1_164' title='bbox 493 2296 679 2347; x_wconf 81' lang='lat' dir='ltr'><strong>tatem</strong></span> <span class='ocrx_word' id='word_1_165' title='bbox 702 2291 762 2345; x_wconf 91' lang='lat' dir='ltr'><strong>in</strong></span> <span class='ocrx_word' id='word_1_166' title='bbox 797 2306 1055 2345; x_wconf 87' lang='lat' dir='ltr'><strong>consensu</strong></span> <span class='ocrx_word' id='word_1_167' title='bbox 1083 2290 1317 2357; x_wconf 84' lang='lat' dir='ltr'><strong>quodam</strong></span> <span class='ocrx_word' id='word_1_168' title='bbox 1341 2289 1582 2358; x_wconf 87' lang='lat' dir='ltr'><strong>partium</strong></span> <span class='ocrx_word' id='word_1_169' title='bbox 1607 2288 1902 2344; x_wconf 86' lang='lat' dir='ltr'><strong>consistere</strong></span> <span class='ocrx_word' id='word_1_170' title='bbox 1935 2294 2116 2358; x_wconf 86' lang='lat' dir='ltr'><strong>putat,</strong></span> <span class='ocrx_word' id='word_1_171' title='bbox 2143 2289 2596 2356; x_wconf 83' lang='lat' dir='ltr'><strong>quemadmodum</strong></span> <span class='ocrx_word' id='word_1_172' title='bbox 2619 2289 2678 2344; x_wconf 91' lang='lat' dir='ltr'><strong>in</strong></span> <span class='ocrx_word' id='word_1_173' title='bbox 2701 2304 2868 2345; x_wconf 84' lang='lat' dir='ltr'><strong>nervo</strong></span> 
     </span>
     <span class='ocr_line' id='line_1_20' title="bbox 502 2367 2870 2445; baseline -0.003 -12"><span class='ocrx_word' id='word_1_174' title='bbox 502 2381 656 2433; x_wconf 74' lang='lat' dir='ltr'><strong>tento</strong></span> <span class='ocrx_word' id='word_1_175' title='bbox 681 2375 996 2445; x_wconf 70' lang='lat' dir='ltr'><strong>contingat:</strong></span> <span class='ocrx_word' id='word_1_176' title='bbox 1035 2376 1150 2425; x_wconf 84' lang='grc' dir='ltr'><strong>Καὶ</strong></span> <span class='ocrx_word' id='word_1_177' title='bbox 1171 2380 1377 2442; x_wconf 82' lang='grc' dir='ltr'><strong><em>γίνεται</em></strong></span> <span class='ocrx_word' id='word_1_178' title='bbox 1400 2371 1465 2426; x_wconf 85' lang='grc' dir='ltr'><strong>τὸ</strong></span> <span class='ocrx_word' id='word_1_179' title='bbox 1489 2372 1625 2425; x_wconf 81' lang='grc' dir='ltr'><strong><em>κατὰ</em></strong></span> <span class='ocrx_word' id='word_1_180' title='bbox 1648 2372 1750 2439; x_wconf 86' lang='grc' dir='ltr'><strong>τὴν</strong></span> <span class='ocrx_word' id='word_1_181' title='bbox 1775 2367 1932 2439; x_wconf 78' lang='grc' dir='ltr'><strong><em>εὐχὴν</em></strong></span> <span class='ocrx_word' id='word_1_182' title='bbox 1968 2373 2290 2438; x_wconf 76' lang='grc' dir='ltr'><em>συμπαθοῦς</em></span> <span class='ocrx_word' id='word_1_183' title='bbox 2311 2376 2503 2442; x_wconf 81' lang='grc' dir='ltr'><strong><em>μέρους</em></strong></span> <span class='ocrx_word' id='word_1_184' title='bbox 2534 2378 2687 2444; x_wconf 80' lang='grc' dir='ltr'><strong><em>μέρει</em></strong></span> <span class='ocrx_word' id='word_1_185' title='bbox 2716 2392 2870 2441; x_wconf 81' lang='grc' dir='ltr'><strong><em>γενο-</em></strong></span> 
     </span>
     <span class='ocr_line' id='line_1_21' title="bbox 504 2458 1657 2530; baseline -0.003 -17"><span class='ocrx_word' id='word_1_186' title='bbox 504 2464 691 2528; x_wconf 82' lang='grc' dir='ltr'><strong><em>μένου,</em></strong></span> <span class='ocrx_word' id='word_1_187' title='bbox 731 2458 913 2530; x_wconf 75' lang='grc' dir='ltr'><strong><em>ὥσπερ</em></strong></span> <span class='ocrx_word' id='word_1_188' title='bbox 941 2462 1003 2511; x_wconf 78' lang='grc' dir='ltr'><strong>ἐν</strong></span> <span class='ocrx_word' id='word_1_189' title='bbox 1036 2464 1136 2526; x_wconf 75' lang='grc' dir='ltr'><strong><em>μιᾷ</em></strong></span> <span class='ocrx_word' id='word_1_190' title='bbox 1174 2462 1343 2527; x_wconf 78' lang='grc' dir='ltr'><strong><em>νευρᾷ</em></strong></span> <span class='ocrx_word' id='word_1_191' title='bbox 1376 2461 1657 2525; x_wconf 78' lang='grc' dir='ltr'><strong><em>τεταμένη.</em></strong></span> 
     </span>
    </p>

    <p class='ocr_par' dir='ltr' id='par_1_5' title="bbox 502 2541 2869 2698">
     <span class='ocr_line' id='line_1_22' title="bbox 680 2541 2869 2616; baseline -0.003 -14"><span class='ocrx_word' id='word_1_192' title='bbox 680 2547 703 2578; x_wconf 82' lang='lat'><strong>⁸</strong></span> <span class='ocrx_word' id='word_1_193' title='bbox 736 2547 818 2602; x_wconf 91' lang='lat' dir='ltr'><strong>IV</strong></span> <span class='ocrx_word' id='word_1_194' title='bbox 854 2548 903 2612; x_wconf 84' lang='lat'><strong>4,</strong></span> <span class='ocrx_word' id='word_1_195' title='bbox 940 2546 1035 2601; x_wconf 89' lang='lat'><strong>40:</strong></span> <span class='ocrx_word' id='word_1_196' title='bbox 1087 2546 1202 2597; x_wconf 85' lang='grc' dir='ltr'><strong>Καὶ</strong></span> <span class='ocrx_word' id='word_1_197' title='bbox 1235 2546 1330 2599; x_wconf 80' lang='grc' dir='ltr'><strong><em>τοὶς</em></strong></span> <span class='ocrx_word' id='word_1_198' title='bbox 1364 2542 1524 2600; x_wconf 75' lang='grc' dir='ltr'><strong><em>ἄλλας</em></strong></span> <span class='ocrx_word' id='word_1_199' title='bbox 1557 2541 1615 2596; x_wconf 81' lang='grc' dir='ltr'><strong>δὲ</strong></span> <span class='ocrx_word' id='word_1_200' title='bbox 1649 2542 1802 2608; x_wconf 77' lang='grc' dir='ltr'><strong><em>εὐχὰς</em></strong></span> <span class='ocrx_word' id='word_1_201' title='bbox 1838 2549 1901 2596; x_wconf 86' lang='grc' dir='ltr'><strong>ού</strong></span> <span class='ocrx_word' id='word_1_202' title='bbox 1935 2546 2029 2610; x_wconf 68' lang='grc' dir='ltr'><strong>’τῆς</strong></span> <span class='ocrx_word' id='word_1_203' title='bbox 2062 2547 2425 2616; x_wconf 83' lang='grc' dir='ltr'><strong><em>προαιρέσεως</em></strong></span> <span class='ocrx_word' id='word_1_204' title='bbox 2460 2542 2757 2610; x_wconf 73' lang='grc' dir='ltr'><strong><em>ἀκουούσης</em></strong></span> <span class='ocrx_word' id='word_1_205' title='bbox 2793 2547 2869 2597; x_wconf 87' lang='grc' dir='ltr'><strong>οἰ-</strong></span> 
     </span>
     <span class='ocr_line' id='line_1_23' title="bbox 502 2635 684 2698; baseline 0 -14"><span class='ocrx_word' id='word_1_206' title='bbox 502 2635 684 2698; x_wconf 79' lang='grc' dir='ltr'><strong><em>ητέον.</em></strong></span> 
     </span>
    </p>

    <p class='ocr_par' dir='ltr' id='par_1_6' title="bbox 677 2711 2241 2786">
     <span class='ocr_line' id='line_1_24' title="bbox 677 2711 2241 2786; baseline -0.004 -13"><span class='ocrx_word' id='word_1_207' title='bbox 677 2719 702 2751; x_wconf 80' lang='lat'><strong>⁴</strong></span> <span class='ocrx_word' id='word_1_208' title='bbox 736 2720 798 2773; x_wconf 87' lang='lat' dir='ltr'><strong>L.</strong></span> <span class='ocrx_word' id='word_1_209' title='bbox 835 2735 880 2772; x_wconf 80' lang='lat' dir='ltr'><strong>c.</strong></span> <span class='ocrx_word' id='word_1_210' title='bbox 915 2717 1012 2773; x_wconf 86' lang='lat'><strong>41:</strong></span> <span class='ocrx_word' id='word_1_211' title='bbox 1043 2715 1099 2770; x_wconf 89' lang='lat'><strong>‘0</strong></span> <span class='ocrx_word' id='word_1_212' title='bbox 1133 2712 1192 2767; x_wconf 79' lang='grc' dir='ltr'><strong>δὲ</strong></span> <span class='ocrx_word' id='word_1_213' title='bbox 1226 2712 1374 2781; x_wconf 79' lang='grc' dir='ltr'><strong><em>ἥλιος</em></strong></span> <span class='ocrx_word' id='word_1_214' title='bbox 1407 2712 1440 2781; x_wconf 84' lang='grc' dir='ltr'>ἢ</span> <span class='ocrx_word' id='word_1_215' title='bbox 1477 2713 1643 2768; x_wconf 83' lang='grc' dir='ltr'><strong><em>ἄλλον</em></strong></span> <span class='ocrx_word' id='word_1_216' title='bbox 1677 2711 1885 2786; x_wconf 76' lang='grc' dir='ltr'><strong><em>ἄστρον</em></strong></span> <span class='ocrx_word' id='word_1_217' title='bbox 1921 2713 2018 2767; x_wconf 81' lang='grc' dir='ltr'><strong>οὐκ</strong></span> <span class='ocrx_word' id='word_1_218' title='bbox 2055 2716 2241 2771; x_wconf 75' lang='grc' dir='ltr'><strong><em>ἐπαΐει.</em></strong></span> 
     </span>
    </p>

    <p class='ocr_par' dir='ltr' id='par_1_7' title="bbox 678 2802 1546 2872">
     <span class='ocr_line' id='line_1_25' title="bbox 678 2802 1546 2872; baseline 0 -15"><span class='ocrx_word' id='word_1_219' title='bbox 678 2805 702 2838; x_wconf 78' lang='lat'>⁵</span> <span class='ocrx_word' id='word_1_220' title='bbox 736 2804 818 2859; x_wconf 81' lang='lat' dir='ltr'><strong>Cf.</strong></span> <span class='ocrx_word' id='word_1_221' title='bbox 853 2804 1029 2858; x_wconf 90' lang='lat' dir='ltr'><strong>Zeller</strong></span> <span class='ocrx_word' id='word_1_222' title='bbox 1062 2803 1154 2857; x_wconf 93' lang='lat' dir='ltr'><strong>III</strong></span> <span class='ocrx_word' id='word_1_223' title='bbox 1189 2804 1222 2855; x_wconf 84' lang='lat'>2</span> <span class='ocrx_word' id='word_1_224' title='bbox 1258 2820 1311 2872; x_wconf 85' lang='lat' dir='ltr'><strong>p.</strong></span> <span class='ocrx_word' id='word_1_225' title='bbox 1347 2802 1452 2857; x_wconf 86' lang='grc'><strong>566</strong></span> <span class='ocrx_word' id='word_1_226' title='bbox 1466 2819 1546 2871; x_wconf 88' lang='lat' dir='ltr'><strong>sq.</strong></span> 
     </span>
    </p>

    <p class='ocr_par' dir='ltr' id='par_1_8' title="bbox 494 2883 2877 3642">
     <span class='ocr_line' id='line_1_26' title="bbox 678 2883 2872 2955; baseline -0.002 -11"><span class='ocrx_word' id='word_1_227' title='bbox 678 2890 703 2922; x_wconf 82' lang='lat'>⁶</span> <span class='ocrx_word' id='word_1_228' title='bbox 736 2890 800 2944; x_wconf 88' lang='lat' dir='ltr'><strong>L.</strong></span> <span class='ocrx_word' id='word_1_229' title='bbox 838 2906 881 2944; x_wconf 80' lang='grc' dir='ltr'><strong>ο.</strong></span> <span class='ocrx_word' id='word_1_230' title='bbox 918 2890 1018 2944; x_wconf 80' lang='lat'><strong>42:</strong></span> <span class='ocrx_word' id='word_1_231' title='bbox 1049 2885 1204 2940; x_wconf 79' lang='grc' dir='ltr'><strong><em>Ὥστε</em></strong></span> <span class='ocrx_word' id='word_1_232' title='bbox 1241 2885 1365 2939; x_wconf 81' lang='grc' dir='ltr'><strong><em>οὔτε</em></strong></span> <span class='ocrx_word' id='word_1_233' title='bbox 1399 2889 1610 2954; x_wconf 79' lang='grc' dir='ltr'><strong><em>μνήμης</em></strong></span> <span class='ocrx_word' id='word_1_234' title='bbox 1644 2883 1732 2939; x_wconf 80' lang='grc' dir='ltr'><strong>διὰ</strong></span> <span class='ocrx_word' id='word_1_235' title='bbox 1766 2889 1933 2940; x_wconf 80' lang='grc' dir='ltr'><strong><em>τοῦτο</em></strong></span> <span class='ocrx_word' id='word_1_236' title='bbox 1969 2883 2143 2953; x_wconf 80' lang='grc' dir='ltr'><strong><em>δεήσει</em></strong></span> <span class='ocrx_word' id='word_1_237' title='bbox 2175 2902 2288 2943; x_wconf 78' lang='grc' dir='ltr'><strong><em>τοῖς</em></strong></span> <span class='ocrx_word' id='word_1_238' title='bbox 2324 2885 2543 2955; x_wconf 77' lang='grc' dir='ltr'><strong><em>ἄστροις</em></strong></span> <span class='ocrx_word' id='word_1_239' title='bbox 2579 2931 2592 2943; x_wconf 94' lang='grc'><strong>.</strong></span> <span class='ocrx_word' id='word_1_240' title='bbox 2632 2931 2645 2944; x_wconf 90' lang='grc'><em>.</em></span> <span class='ocrx_word' id='word_1_241' title='bbox 2683 2931 2697 2944; x_wconf 90' lang='grc'><strong>.</strong></span> <span class='ocrx_word' id='word_1_242' title='bbox 2747 2886 2872 2941; x_wconf 73' lang='grc' dir='ltr'><strong><em>οὔτε</em></strong></span> 
     </span>
     <span class='ocr_line' id='line_1_27' title="bbox 502 2970 2874 3043; baseline 0.001 -17"><span class='ocrx_word' id='word_1_243' title='bbox 502 2973 821 3039; x_wconf 73' lang='grc' dir='ltr'><strong><em>αἰσθήσεων</em></strong></span> <span class='ocrx_word' id='word_1_244' title='bbox 866 2972 1369 3040; x_wconf 74' lang='grc' dir='ltr'><strong><em>ἀναπεμπομένων·</em></strong></span> <span class='ocrx_word' id='word_1_245' title='bbox 1425 2970 1548 3025; x_wconf 80' lang='grc' dir='ltr'><strong><em>οὐδὲ</em></strong></span> <span class='ocrx_word' id='word_1_246' title='bbox 1595 2974 1888 3027; x_wconf 70' lang='grc' dir='ltr'><strong><em>ἐπινεύσας</em></strong></span> <span class='ocrx_word' id='word_1_247' title='bbox 1931 2975 2135 3025; x_wconf 77' lang='grc' dir='ltr'><strong><em>τοῦτον</em></strong></span> <span class='ocrx_word' id='word_1_248' title='bbox 2179 2974 2280 3025; x_wconf 83' lang='grc' dir='ltr'><strong>τὸν</strong></span> <span class='ocrx_word' id='word_1_249' title='bbox 2330 2973 2542 3043; x_wconf 81' lang='grc' dir='ltr'><strong><em>τρόπον</em></strong></span> <span class='ocrx_word' id='word_1_250' title='bbox 2595 2971 2767 3037; x_wconf 78' lang='grc' dir='ltr'><strong><em>εὐχαῖς</em></strong></span> <span class='ocrx_word' id='word_1_251' title='bbox 2802 2974 2874 3028; x_wconf 77' lang='grc' dir='ltr'><strong>ὥς</strong></span> 
     </span>
     <span class='ocr_line' id='line_1_28' title="bbox 501 3058 2873 3129; baseline 0.002 -17"><span class='ocrx_word' id='word_1_252' title='bbox 501 3062 723 3112; x_wconf 78' lang='grc' dir='ltr'><strong><em>οἴονταί</em></strong></span> <span class='ocrx_word' id='word_1_253' title='bbox 763 3079 906 3113; x_wconf 84' lang='grc' dir='ltr'><strong><em>τινες</em></strong></span> <span class='ocrx_word' id='word_1_254' title='bbox 951 3058 1334 3129; x_wconf 74' lang='grc' dir='ltr'><strong><em>προαιρετικοῖς</em></strong></span> <span class='ocrx_word' id='word_1_255' title='bbox 1378 3079 1545 3114; x_wconf 82' lang='grc' dir='ltr'><strong><em>τινας.</em></strong></span> <span class='ocrx_word' id='word_1_256' title='bbox 1628 3060 1935 3114; x_wconf 80' lang='lat' dir='ltr'><strong>Secundum</strong></span> <span class='ocrx_word' id='word_1_257' title='bbox 1983 3060 2273 3128; x_wconf 76' lang='lat' dir='ltr'><strong>Zellerum‚</strong></span> <span class='ocrx_word' id='word_1_258' title='bbox 2321 3059 2370 3114; x_wconf 82' lang='lat' dir='ltr'><strong>si</strong></span> <span class='ocrx_word' id='word_1_259' title='bbox 2416 3060 2585 3115; x_wconf 75' lang='lat' dir='ltr'><strong>verba</strong></span> <span class='ocrx_word' id='word_1_260' title='bbox 2620 3061 2653 3127; x_wconf 69' lang='grc' dir='ltr'>ἓ</span> <span class='ocrx_word' id='word_1_261' title='bbox 2687 3060 2758 3114; x_wconf 85' lang='grc'><strong>30</strong></span> <span class='ocrx_word' id='word_1_262' title='bbox 2791 3075 2873 3116; x_wconf 81' lang='lat' dir='ltr'><strong>re-</strong></span> 
     </span>
     <span class='ocr_line' id='line_1_29' title="bbox 494 3141 2875 3217; baseline 0 -21"><span class='ocrx_word' id='word_1_263' title='bbox 494 3146 810 3215; x_wconf 62' lang='lat' dir='ltr'><strong>spiciuntur</strong></span> <span class='ocrx_word' id='word_1_264' title='bbox 845 3141 1008 3209; x_wconf 78' lang='grc' dir='ltr'><strong><em>δῆλον</em></strong></span> <span class='ocrx_word' id='word_1_265' title='bbox 1053 3144 1158 3214; x_wconf 82' lang='grc' dir='ltr'><strong><em>γὰρ</em></strong></span> <span class='ocrx_word' id='word_1_266' title='bbox 1207 3142 1311 3204; x_wconf 83' lang='grc' dir='ltr'><strong><em>ὅτι,</em></strong></span> <span class='ocrx_word' id='word_1_267' title='bbox 1348 3147 1398 3195; x_wconf 82' lang='grc' dir='ltr'><strong>εἰ</strong></span> <span class='ocrx_word' id='word_1_268' title='bbox 1431 3142 1742 3211; x_wconf 74' lang='grc' dir='ltr'><strong><em>εὐξαμένων</em></strong></span> <span class='ocrx_word' id='word_1_269' title='bbox 1788 3147 2006 3197; x_wconf 76' lang='grc' dir='ltr'><strong><em>ποιοῦσι</em></strong></span> <span class='ocrx_word' id='word_1_270' title='bbox 2046 3148 2135 3196; x_wconf 81' lang='grc' dir='ltr'><strong>καὶ</strong></span> <span class='ocrx_word' id='word_1_271' title='bbox 2184 3143 2249 3196; x_wconf 85' lang='grc' dir='ltr'><strong>οὐ</strong></span> <span class='ocrx_word' id='word_1_272' title='bbox 2296 3146 2626 3217; x_wconf 84' lang='grc' dir='ltr'><strong><em>παραχρῆμα</em></strong></span> <span class='ocrx_word' id='word_1_273' title='bbox 2673 3141 2875 3210; x_wconf 77' lang='grc' dir='ltr'><strong><em>δρῶσιν</em></strong></span> 
     </span>
     <span class='ocr_line' id='line_1_30' title="bbox 496 3224 2876 3302; baseline -0 -19"><span class='ocrx_word' id='word_1_274' title='bbox 496 3229 663 3291; x_wconf 81' lang='grc' dir='ltr'><strong><em>αὐτά,</em></strong></span> <span class='ocrx_word' id='word_1_275' title='bbox 698 3227 812 3282; x_wconf 81' lang='grc' dir='ltr'><strong><em>ἀλλ’</em></strong></span> <span class='ocrx_word' id='word_1_276' title='bbox 851 3232 926 3285; x_wconf 79' lang='grc' dir='ltr'><strong><em>εἰς</em></strong></span> <span class='ocrx_word' id='word_1_277' title='bbox 957 3227 1190 3300; x_wconf 77' lang='grc' dir='ltr'><strong><em>ὕστερον</em></strong></span> <span class='ocrx_word' id='word_1_278' title='bbox 1223 3234 1314 3281; x_wconf 85' lang='grc' dir='ltr'><strong>καὶ</strong></span> <span class='ocrx_word' id='word_1_279' title='bbox 1346 3229 1492 3281; x_wconf 83' lang='grc' dir='ltr'><strong><em>πάνυ</em></strong></span> <span class='ocrx_word' id='word_1_280' title='bbox 1538 3228 1793 3285; x_wconf 76' lang='grc' dir='ltr'><strong><em>πολλάκις</em></strong></span> <span class='ocrx_word' id='word_1_281' title='bbox 1839 3231 1913 3285; x_wconf 77' lang='grc' dir='ltr'><strong>εἰς</strong></span> <span class='ocrx_word' id='word_1_282' title='bbox 1944 3231 2192 3302; x_wconf 79' lang='grc' dir='ltr'><strong><em>χρόνους,</em></strong></span> <span class='ocrx_word' id='word_1_283' title='bbox 2238 3230 2459 3296; x_wconf 85' lang='grc' dir='ltr'><strong><em>μνήμην</em></strong></span> <span class='ocrx_word' id='word_1_284' title='bbox 2512 3224 2593 3282; x_wconf 78' lang='grc' dir='ltr'><strong>ὦν</strong></span> <span class='ocrx_word' id='word_1_285' title='bbox 2628 3229 2876 3293; x_wconf 74' lang='grc' dir='ltr'><strong><em>εὔχονται</em></strong></span> 
     </span>
     <span class='ocr_line' id='line_1_31' title="bbox 507 3310 2873 3386; baseline 0 -18"><span class='ocrx_word' id='word_1_286' title='bbox 507 3310 804 3386; x_wconf 75' lang='grc' dir='ltr'><strong><em>ἅνθρωποι</em></strong></span> <span class='ocrx_word' id='word_1_287' title='bbox 849 3315 985 3385; x_wconf 85' lang='grc' dir='ltr'><strong><em>πρὸς</em></strong></span> <span class='ocrx_word' id='word_1_288' title='bbox 1020 3315 1213 3370; x_wconf 72' lang='grc' dir='ltr'><strong><em>αὐτούς</em></strong></span> <span class='ocrx_word' id='word_1_289' title='bbox 1259 3317 1474 3378; x_wconf 75' lang='grc' dir='ltr'><strong><em>ἔχουσιν</em></strong></span> <span class='ocrx_word' id='word_1_290' title='bbox 1519 3317 1702 3386; x_wconf 81' lang='lat' dir='ltr'><strong>verba,</strong></span> <span class='ocrx_word' id='word_1_291' title='bbox 1752 3316 1950 3385; x_wconf 82' lang='lat' dir='ltr'><strong>quibus</strong></span> <span class='ocrx_word' id='word_1_292' title='bbox 1992 3316 2190 3386; x_wconf 82' lang='lat' dir='ltr'><strong>incipit</strong></span> <span class='ocrx_word' id='word_1_293' title='bbox 2234 3318 2267 3385; x_wconf 65' lang='grc' dir='ltr'>ξ</span> <span class='ocrx_word' id='word_1_294' title='bbox 2303 3315 2398 3370; x_wconf 69' lang='lat'><strong>330:</strong></span> <span class='ocrx_word' id='word_1_295' title='bbox 2452 3315 2575 3367; x_wconf 79' lang='grc' dir='ltr'><strong>Νῦν</strong></span> <span class='ocrx_word' id='word_1_296' title='bbox 2610 3313 2655 3367; x_wconf 82' lang='grc' dir='ltr'><strong>δ’</strong></span> <span class='ocrx_word' id='word_1_297' title='bbox 2694 3313 2873 3381; x_wconf 76' lang='grc' dir='ltr'><strong><em>ἐπειδὴ</em></strong></span> 
     </span>
     <span class='ocr_line' id='line_1_32' title="bbox 506 3398 2876 3472; baseline 0 -20"><span class='ocrx_word' id='word_1_298' title='bbox 506 3400 718 3468; x_wconf 82' lang='grc' dir='ltr'><strong><em>μνήμας</em></strong></span> <span class='ocrx_word' id='word_1_299' title='bbox 763 3404 868 3467; x_wconf 80' lang='grc' dir='ltr'><strong>μὲν</strong></span> <span class='ocrx_word' id='word_1_300' title='bbox 902 3403 963 3452; x_wconf 71' lang='grc' dir='ltr'><strong>ἐν</strong></span> <span class='ocrx_word' id='word_1_301' title='bbox 1008 3415 1122 3456; x_wconf 84' lang='grc' dir='ltr'><strong><em>τοϊς</em></strong></span> <span class='ocrx_word' id='word_1_302' title='bbox 1166 3398 1384 3472; x_wconf 81' lang='grc' dir='ltr'><strong><em>ἄστροις</em></strong></span> <span class='ocrx_word' id='word_1_303' title='bbox 1429 3401 1686 3472; x_wconf 84' lang='grc' dir='ltr'><strong><em>περιττὰς</em></strong></span> <span class='ocrx_word' id='word_1_304' title='bbox 1732 3400 1875 3453; x_wconf 81' lang='grc' dir='ltr'><strong><em>εἶναι</em></strong></span> <span class='ocrx_word' id='word_1_305' title='bbox 1922 3403 2209 3468; x_wconf 67' lang='grc' dir='ltr'><strong><em>ἐθέμεθα,</em></strong></span> <span class='ocrx_word' id='word_1_306' title='bbox 2262 3400 2543 3466; x_wconf 76' lang='grc' dir='ltr'><strong><em>αἰσθήσεις</em></strong></span> <span class='ocrx_word' id='word_1_307' title='bbox 2589 3398 2648 3453; x_wconf 81' lang='grc' dir='ltr'><strong>δὲ</strong></span> <span class='ocrx_word' id='word_1_308' title='bbox 2683 3399 2876 3467; x_wconf 62' lang='grc' dir='ltr'><strong><em>ἔδομεν</em></strong></span> 
     </span>
     <span class='ocr_line' id='line_1_33' title="bbox 504 3484 2877 3557; baseline 0.004 -24"><span class='ocrx_word' id='word_1_309' title='bbox 504 3490 597 3537; x_wconf 72' lang='grc' dir='ltr'><strong>,καὶ</strong></span> <span class='ocrx_word' id='word_1_310' title='bbox 631 3484 874 3541; x_wconf 79' lang='grc' dir='ltr'><strong><em>ἆκούσεις</em></strong></span> <span class='ocrx_word' id='word_1_311' title='bbox 907 3486 1044 3557; x_wconf 81' lang='grc' dir='ltr'><strong><em>πρὸς</em></strong></span> <span class='ocrx_word' id='word_1_312' title='bbox 1080 3500 1198 3541; x_wconf 79' lang='grc' dir='ltr'><strong><em>ταῖς</em></strong></span> <span class='ocrx_word' id='word_1_313' title='bbox 1232 3485 1457 3556; x_wconf 80' lang='grc' dir='ltr'><strong><em>ὃράσεσι</em></strong></span> <span class='ocrx_word' id='word_1_314' title='bbox 1496 3491 1587 3538; x_wconf 84' lang='grc' dir='ltr'><strong>καὶ</strong></span> <span class='ocrx_word' id='word_1_315' title='bbox 1609 3485 1782 3549; x_wconf 76' lang='grc' dir='ltr'><strong><em>εὐχῶν</em></strong></span> <span class='ocrx_word' id='word_1_316' title='bbox 1806 3485 1869 3551; x_wconf 79' lang='grc' dir='ltr'><strong>δὴ</strong></span> <span class='ocrx_word' id='word_1_317' title='bbox 1899 3484 2157 3542; x_wconf 81' lang='grc' dir='ltr'><strong><em>κλύοντας</em></strong></span> <span class='ocrx_word' id='word_1_318' title='bbox 2192 3489 2400 3556; x_wconf 78' lang='grc' dir='ltr'><strong><em>ἔφαμεν</em></strong></span> <span class='ocrx_word' id='word_1_319' title='bbox 2433 3487 2745 3557; x_wconf 79' lang='lat' dir='ltr'><strong>significare</strong></span> <span class='ocrx_word' id='word_1_320' title='bbox 2768 3503 2877 3542; x_wconf 83' lang='lat' dir='ltr'><strong>non</strong></span> 
     </span>
     <span class='ocr_line' id='line_1_34' title="bbox 508 3569 2876 3642; baseline -0.001 -16"><span class='ocrx_word' id='word_1_321' title='bbox 508 3577 740 3641; x_wconf 88' lang='lat' dir='ltr'><strong>possunt</strong></span> <span class='ocrx_word' id='word_1_322' title='bbox 790 3573 969 3628; x_wconf 86' lang='lat' dir='ltr'><strong>sidera</strong></span> <span class='ocrx_word' id='word_1_323' title='bbox 1023 3589 1187 3628; x_wconf 89' lang='lat' dir='ltr'><strong>sensu</strong></span> <span class='ocrx_word' id='word_1_324' title='bbox 1243 3572 1458 3642; x_wconf 89' lang='lat' dir='ltr'><strong>proprio</strong></span> <span class='ocrx_word' id='word_1_325' title='bbox 1511 3573 1771 3628; x_wconf 85' lang='lat' dir='ltr'><strong>exaudire</strong></span> <span class='ocrx_word' id='word_1_326' title='bbox 1817 3589 2000 3641; x_wconf 89' lang='lat' dir='ltr'><strong>preces</strong></span> <span class='ocrx_word' id='word_1_327' title='bbox 2016 3615 2029 3641; x_wconf 93' lang='lat'>,</span> <span class='ocrx_word' id='word_1_328' title='bbox 2084 3578 2273 3627; x_wconf 81' lang='lat' dir='ltr'><strong>contra</strong></span> <span class='ocrx_word' id='word_1_329' title='bbox 2319 3570 2492 3634; x_wconf 76' lang='grc' dir='ltr'><strong><em>εὐχῶν</em></strong></span> <span class='ocrx_word' id='word_1_330' title='bbox 2548 3569 2726 3623; x_wconf 81' lang='grc' dir='ltr'><strong><em>κλύειν</em></strong></span> <span class='ocrx_word' id='word_1_331' title='bbox 2776 3572 2876 3627; x_wconf 85' lang='lat' dir='ltr'><strong>hoc</strong></span> 
     </span>
    </p>
   </div>
   <div class='ocr_carea' id='block_1_4' title="bbox 502 2082 913 2090">
    <p class='ocr_par' dir='ltr' id='par_1_9' title="bbox 502 2082 913 2090">
     <span class='ocr_line' id='line_1_35' title="bbox 502 2082 913 2090; baseline 0 2977"><span class='ocrx_word' id='word_1_332' title='bbox 502 2082 913 2090; x_wconf 95' lang='lat' dir='ltr'><strong> </strong></span> 
     </span>
    </p>
   </div>
   <div class='ocr_carea' id='block_1_5' title="bbox 498 3656 2880 4411">
    <p class='ocr_par' dir='ltr' id='par_1_10' title="bbox 498 3656 2880 4244">
     <span class='ocr_line' id='line_1_36' title="bbox 508 3656 2876 3728; baseline 0 -17"><span class='ocrx_word' id='word_1_333' title='bbox 508 3657 624 3711; x_wconf 90' lang='lat' dir='ltr'><strong>loco</strong></span> <span class='ocrx_word' id='word_1_334' title='bbox 658 3656 1093 3727; x_wconf 85' lang='lat' dir='ltr'><strong>intellegendum</strong></span> <span class='ocrx_word' id='word_1_335' title='bbox 1140 3664 1226 3713; x_wconf 89' lang='lat' dir='ltr'><strong>est</strong></span> <span class='ocrx_word' id='word_1_336' title='bbox 1260 3664 1393 3714; x_wconf 82' lang='lat' dir='ltr'><strong>vota</strong></span> <span class='ocrx_word' id='word_1_337' title='bbox 1427 3663 1553 3713; x_wconf 87' lang='lat' dir='ltr'><strong>rata</strong></span> <span class='ocrx_word' id='word_1_338' title='bbox 1603 3674 1735 3713; x_wconf 90' lang='lat' dir='ltr'><strong>esse.</strong></span> <span class='ocrx_word' id='word_1_339' title='bbox 1808 3658 1988 3713; x_wconf 88' lang='lat' dir='ltr'><strong>Zeller</strong></span> <span class='ocrx_word' id='word_1_340' title='bbox 2032 3658 2071 3714; x_wconf 91' lang='lat' dir='ltr'><strong>l.</strong></span> <span class='ocrx_word' id='word_1_341' title='bbox 2106 3674 2150 3713; x_wconf 92' lang='lat' dir='ltr'><strong>c.</strong></span> <span class='ocrx_word' id='word_1_342' title='bbox 2186 3658 2306 3728; x_wconf 86' lang='grc'><strong>627,</strong></span> <span class='ocrx_word' id='word_1_343' title='bbox 2344 3658 2402 3712; x_wconf 82' lang='lat'><strong>1:</strong></span> <span class='ocrx_word' id='word_1_344' title='bbox 2453 3657 2687 3712; x_wconf 78' lang='lat' dir='ltr'><strong>Damus</strong></span> <span class='ocrx_word' id='word_1_345' title='bbox 2733 3657 2876 3723; x_wconf 81' lang='lat' dir='ltr'><strong>aber,</strong></span> 
     </span>
     <span class='ocr_line' id='line_1_37' title="bbox 498 3741 2880 3813; baseline 0 -17"><span class='ocrx_word' id='word_1_346' title='bbox 498 3741 622 3808; x_wconf 71' lang='lat' dir='ltr'><strong>dass</strong></span> <span class='ocrx_word' id='word_1_347' title='bbox 664 3741 753 3797; x_wconf 77' lang='lat' dir='ltr'><strong>die</strong></span> <span class='ocrx_word' id='word_1_348' title='bbox 806 3742 1059 3798; x_wconf 74' lang='lat' dir='ltr'><strong>Gestirne</strong></span> <span class='ocrx_word' id='word_1_349' title='bbox 1104 3743 1418 3812; x_wconf 56' lang='lat' dir='ltr'><strong>&amp;berhaupt</strong></span> <span class='ocrx_word' id='word_1_350' title='bbox 1459 3743 1524 3797; x_wconf 74' lang='lat' dir='ltr'><strong>in</strong></span> <span class='ocrx_word' id='word_1_351' title='bbox 1569 3743 1850 3813; x_wconf 66' lang='lat' dir='ltr'><strong>gewissem</strong></span> <span class='ocrx_word' id='word_1_352' title='bbox 1899 3743 2074 3799; x_wconf 74' lang='lat' dir='ltr'><strong>Sinne</strong></span> <span class='ocrx_word' id='word_1_353' title='bbox 2117 3743 2279 3797; x_wconf 74' lang='lat' dir='ltr'><strong>schem</strong></span> <span class='ocrx_word' id='word_1_354' title='bbox 2325 3742 2442 3797; x_wconf 77' lang='lat' dir='ltr'><strong>und</strong></span> <span class='ocrx_word' id='word_1_355' title='bbox 2486 3743 2679 3812; x_wconf 71' lang='grc' dir='ltr'><strong><em>Ιιόνεη,</em></strong></span> <span class='ocrx_word' id='word_1_356' title='bbox 2735 3741 2880 3813; x_wconf 72' lang='lat' dir='ltr'><strong>folyt</strong></span> 
     </span>
     <span class='ocr_line' id='line_1_38' title="bbox 508 3827 2878 3908; baseline 0.001 -27"><span class='ocrx_word' id='word_1_357' title='bbox 508 3827 650 3882; x_wconf 69' lang='lat' dir='ltr'><strong>‘noch</strong></span> <span class='ocrx_word' id='word_1_358' title='bbox 683 3827 854 3895; x_wconf 76' lang='lat' dir='ltr'><strong>nicht,</strong></span> <span class='ocrx_word' id='word_1_359' title='bbox 889 3828 999 3895; x_wconf 54' lang='lat' dir='ltr'><strong>datr</strong></span> <span class='ocrx_word' id='word_1_360' title='bbox 1029 3828 1109 3883; x_wconf 76' lang='lat' dir='ltr'><strong>sie</strong></span> <span class='ocrx_word' id='word_1_361' title='bbox 1145 3829 1288 3883; x_wconf 79' lang='lat' dir='ltr'><strong>auch</strong></span> <span class='ocrx_word' id='word_1_362' title='bbox 1323 3829 1411 3883; x_wconf 83' lang='lat' dir='ltr'><strong>die</strong></span> <span class='ocrx_word' id='word_1_363' title='bbox 1451 3829 1648 3884; x_wconf 77' lang='lat' dir='ltr'><strong>Gebete</strong></span> <span class='ocrx_word' id='word_1_364' title='bbox 1668 3828 1783 3908; x_wconf 61' lang='lat' dir='ltr'><strong>⁴der</strong></span> <span class='ocrx_word' id='word_1_365' title='bbox 1804 3829 2103 3883; x_wconf 76' lang='lat' dir='ltr'><strong>Menschen</strong></span> <span class='ocrx_word' id='word_1_366' title='bbox 2138 3829 2323 3885; x_wconf 67' lang='grc' dir='ltr'><strong><em>Ῑιόνειι.</em></strong></span> <span class='ocrx_word' id='word_1_367' title='bbox 2360 3859 2425 3868; x_wconf 91' lang='grc'><strong>--</strong></span> <span class='ocrx_word' id='word_1_368' title='bbox 2462 3830 2493 3896; x_wconf 67' lang='grc' dir='ltr'>ξ</span> <span class='ocrx_word' id='word_1_369' title='bbox 2523 3829 2592 3883; x_wconf 88' lang='grc'><strong>26</strong></span> <span class='ocrx_word' id='word_1_370' title='bbox 2627 3830 2695 3883; x_wconf 92' lang='lat' dir='ltr'><strong>de</strong></span> <span class='ocrx_word' id='word_1_371' title='bbox 2727 3833 2878 3883; x_wconf 87' lang='lat' dir='ltr'><strong>terra</strong></span> 
     </span>
     <span class='ocr_line' id='line_1_39' title="bbox 506 3909 2878 3985; baseline -0 -21"><span class='ocrx_word' id='word_1_372' title='bbox 506 3914 729 3964; x_wconf 76' lang='grc' dir='ltr'><strong><em>ἔσονται</em></strong></span> <span class='ocrx_word' id='word_1_373' title='bbox 764 3915 820 3963; x_wconf 76' lang='grc' dir='ltr'><strong>αἱ</strong></span> <span class='ocrx_word' id='word_1_374' title='bbox 855 3911 1133 3979; x_wconf 72' lang='grc' dir='ltr'><strong><em>αἰσθήσεις</em></strong></span> <span class='ocrx_word' id='word_1_375' title='bbox 1180 3912 1244 3966; x_wconf 83' lang='grc' dir='ltr'><strong>οὐ</strong></span> <span class='ocrx_word' id='word_1_376' title='bbox 1279 3915 1395 3966; x_wconf 79' lang='grc' dir='ltr'><strong>τῶν</strong></span> <span class='ocrx_word' id='word_1_377' title='bbox 1428 3917 1640 3985; x_wconf 79' lang='grc' dir='ltr'><strong><em>μικρῶν</em></strong></span> <span class='ocrx_word' id='word_1_378' title='bbox 1682 3911 1820 3965; x_wconf 78' lang='grc' dir='ltr'><strong><em>ἀλλὰ</em></strong></span> <span class='ocrx_word' id='word_1_379' title='bbox 1848 3914 1963 3966; x_wconf 78' lang='grc' dir='ltr'><strong>τῶν</strong></span> <span class='ocrx_word' id='word_1_380' title='bbox 2006 3911 2256 3981; x_wconf 80' lang='grc' dir='ltr'><strong><em>μεγάλων</em></strong></span> <span class='ocrx_word' id='word_1_381' title='bbox 2295 3955 2306 3968; x_wconf 94' lang='grc'><em>.</em></span> <span class='ocrx_word' id='word_1_382' title='bbox 2344 3957 2357 3969; x_wconf 92' lang='grc'><strong>.</strong></span> <span class='ocrx_word' id='word_1_383' title='bbox 2397 3955 2407 3968; x_wconf 91' lang='grc'><em>.</em></span> <span class='ocrx_word' id='word_1_384' title='bbox 2445 3918 2535 3964; x_wconf 83' lang='grc' dir='ltr'><strong>καὶ</strong></span> <span class='ocrx_word' id='word_1_385' title='bbox 2568 3911 2786 3965; x_wconf 79' lang='grc' dir='ltr'><strong><em>ἀκούειν</em></strong></span> <span class='ocrx_word' id='word_1_386' title='bbox 2819 3909 2878 3964; x_wconf 80' lang='grc' dir='ltr'><strong>δὲ</strong></span> 
     </span>
     <span class='ocr_line' id='line_1_40' title="bbox 509 3995 2877 4076; baseline 0.002 -26"><span class='ocrx_word' id='word_1_387' title='bbox 509 3995 818 4076; x_wconf 66' lang='grc' dir='ltr'><strong><em>εὐχομένων</em></strong></span> <span class='ocrx_word' id='word_1_388' title='bbox 867 4003 958 4050; x_wconf 79' lang='grc' dir='ltr'><strong>καὶ</strong></span> <span class='ocrx_word' id='word_1_389' title='bbox 1006 3999 1274 4052; x_wconf 79' lang='grc' dir='ltr'><strong><em>ἐπινεύειν</em></strong></span> <span class='ocrx_word' id='word_1_390' title='bbox 1321 3999 1498 4062; x_wconf 80' lang='grc' dir='ltr'><strong><em>εὐχαῖς</em></strong></span> <span class='ocrx_word' id='word_1_391' title='bbox 1547 3997 1641 4062; x_wconf 87' lang='grc' dir='ltr'><strong>οὐχ</strong></span> <span class='ocrx_word' id='word_1_392' title='bbox 1677 3997 1746 4052; x_wconf 84' lang='grc' dir='ltr'><strong>ὃν</strong></span> <span class='ocrx_word' id='word_1_393' title='bbox 1796 3998 1945 4066; x_wconf 79' lang='grc' dir='ltr'><strong><em>ἡμεῖς</em></strong></span> <span class='ocrx_word' id='word_1_394' title='bbox 1989 3999 2217 4068; x_wconf 82' lang='grc' dir='ltr'><strong><em>τρόπον.</em></strong></span> <span class='ocrx_word' id='word_1_395' title='bbox 2288 4000 2320 4067; x_wconf 64' lang='grc' dir='ltr'>ἓ</span> <span class='ocrx_word' id='word_1_396' title='bbox 2357 4000 2425 4053; x_wconf 80' lang='lat'><strong>25</strong></span> <span class='ocrx_word' id='word_1_397' title='bbox 2458 4000 2593 4054; x_wconf 75' lang='lat' dir='ltr'><strong>dicit</strong></span> <span class='ocrx_word' id='word_1_398' title='bbox 2626 4000 2877 4055; x_wconf 78' lang='lat' dir='ltr'><strong>Plotinus</strong></span> 
     </span>
     <span class='ocr_line' id='line_1_41' title="bbox 504 4084 2880 4155; baseline 0.001 -18"><span class='ocrx_word' id='word_1_399' title='bbox 504 4088 664 4138; x_wconf 76' lang='lat' dir='ltr'><strong>astra</strong></span> <span class='ocrx_word' id='word_1_400' title='bbox 710 4084 817 4139; x_wconf 87' lang='lat' dir='ltr'><strong>etsi</strong></span> <span class='ocrx_word' id='word_1_401' title='bbox 851 4085 1057 4140; x_wconf 89' lang='lat' dir='ltr'><strong>sentire</strong></span> <span class='ocrx_word' id='word_1_402' title='bbox 1102 4101 1161 4140; x_wconf 86' lang='lat' dir='ltr'><strong>se</strong></span> <span class='ocrx_word' id='word_1_403' title='bbox 1196 4091 1410 4141; x_wconf 87' lang='lat' dir='ltr'><strong>nostras</strong></span> <span class='ocrx_word' id='word_1_404' title='bbox 1444 4101 1530 4140; x_wconf 90' lang='lat' dir='ltr'><strong>res</strong></span> <span class='ocrx_word' id='word_1_405' title='bbox 1577 4086 1810 4140; x_wconf 81' lang='lat' dir='ltr'><strong>fortasse</strong></span> <span class='ocrx_word' id='word_1_406' title='bbox 1845 4101 1953 4140; x_wconf 89' lang='lat' dir='ltr'><strong>non</strong></span> <span class='ocrx_word' id='word_1_407' title='bbox 1988 4085 2461 4155; x_wconf 84' lang='lat' dir='ltr'><strong>animadvertunt,</strong></span> <span class='ocrx_word' id='word_1_408' title='bbox 2510 4090 2695 4140; x_wconf 87' lang='lat' dir='ltr'><strong>tamen</strong></span> <span class='ocrx_word' id='word_1_409' title='bbox 2741 4084 2880 4139; x_wconf 86' lang='lat' dir='ltr'><strong>bene</strong></span> 
     </span>
     <span class='ocr_line' id='line_1_42' title="bbox 504 4168 2209 4244; baseline 0.001 -22"><span class='ocrx_word' id='word_1_410' title='bbox 504 4168 722 4225; x_wconf 77' lang='lat' dir='ltr'><strong>faciunt</strong></span> <span class='ocrx_word' id='word_1_411' title='bbox 742 4170 1107 4244; x_wconf 14' lang='lat' dir='ltr'><strong>*precantibus</strong></span> <span class='ocrx_word' id='word_1_412' title='bbox 1141 4173 1351 4226; x_wconf 89' lang='lat' dir='ltr'><strong>occulto</strong></span> <span class='ocrx_word' id='word_1_413' title='bbox 1387 4171 1618 4238; x_wconf 88' lang='lat' dir='ltr'><strong>quodam</strong></span> <span class='ocrx_word' id='word_1_414' title='bbox 1653 4176 1886 4226; x_wconf 86' lang='lat' dir='ltr'><strong>naturae</strong></span> <span class='ocrx_word' id='word_1_415' title='bbox 1933 4185 2209 4226; x_wconf 86' lang='lat' dir='ltr'><strong>consensu.</strong></span> 
     </span>
    </p>

    <p class='ocr_par' dir='ltr' id='par_1_11' title="bbox 685 4254 2643 4326">
     <span class='ocr_line' id='line_1_43' title="bbox 685 4254 2643 4326; baseline 0.002 -17"><span class='ocrx_word' id='word_1_416' title='bbox 685 4254 706 4285; x_wconf 78' lang='lat'>⁷</span> <span class='ocrx_word' id='word_1_417' title='bbox 742 4255 824 4309; x_wconf 78' lang='lat' dir='ltr'><strong>cf.</strong></span> <span class='ocrx_word' id='word_1_418' title='bbox 860 4256 1124 4325; x_wconf 82' lang='lat' dir='ltr'><strong>Porphyr.</strong></span> <span class='ocrx_word' id='word_1_419' title='bbox 1162 4271 1245 4325; x_wconf 88' lang='lat' dir='ltr'><strong>ep.</strong></span> <span class='ocrx_word' id='word_1_420' title='bbox 1282 4256 1353 4310; x_wconf 88' lang='lat' dir='ltr'><strong>ad</strong></span> <span class='ocrx_word' id='word_1_421' title='bbox 1387 4256 1560 4311; x_wconf 88' lang='lat' dir='ltr'><strong>Aneb.</strong></span> <span class='ocrx_word' id='word_1_422' title='bbox 1596 4256 1718 4312; x_wconf 89' lang='lat' dir='ltr'><strong>init.</strong></span> <span class='ocrx_word' id='word_1_423' title='bbox 1757 4256 1840 4312; x_wconf 89' lang='lat' dir='ltr'><strong>ed.</strong></span> <span class='ocrx_word' id='word_1_424' title='bbox 1876 4256 2122 4325; x_wconf 82' lang='lat' dir='ltr'><strong>Parthey</strong></span> <span class='ocrx_word' id='word_1_425' title='bbox 2167 4255 2238 4323; x_wconf 87' lang='lat' dir='ltr'><strong>(v.</strong></span> <span class='ocrx_word' id='word_1_426' title='bbox 2274 4256 2420 4311; x_wconf 81' lang='lat' dir='ltr'><strong>infra</strong></span> <span class='ocrx_word' id='word_1_427' title='bbox 2454 4256 2538 4326; x_wconf 90' lang='lat'><strong>47,</strong></span> <span class='ocrx_word' id='word_1_428' title='bbox 2573 4256 2643 4326; x_wconf 88' lang='lat'><strong>3).</strong></span> 
     </span>
    </p>

    <p class='ocr_par' dir='ltr' id='par_1_12' title="bbox 687 4339 1524 4411">
     <span class='ocr_line' id='line_1_44' title="bbox 687 4339 1524 4411; baseline 0.002 -17"><span class='ocrx_word' id='word_1_429' title='bbox 687 4339 710 4372; x_wconf 81' lang='lat'><strong>⁸</strong></span> <span class='ocrx_word' id='word_1_430' title='bbox 745 4340 824 4397; x_wconf 91' lang='lat' dir='ltr'><strong>IV</strong></span> <span class='ocrx_word' id='word_1_431' title='bbox 860 4342 910 4410; x_wconf 84' lang='lat'><strong>4,</strong></span> <span class='ocrx_word' id='word_1_432' title='bbox 945 4341 1134 4411; x_wconf 82' lang='lat' dir='ltr'><strong>4lsq.;</strong></span> <span class='ocrx_word' id='word_1_433' title='bbox 1172 4343 1204 4409; x_wconf 65' lang='grc' dir='ltr'>ἓ</span> <span class='ocrx_word' id='word_1_434' title='bbox 1239 4341 1335 4411; x_wconf 83' lang='grc'><strong>26;</strong></span> <span class='ocrx_word' id='word_1_435' title='bbox 1373 4343 1405 4409; x_wconf 62' lang='grc' dir='ltr'><strong>ἓ</strong></span> <span class='ocrx_word' id='word_1_436' title='bbox 1440 4342 1524 4396; x_wconf 83' lang='grc'><strong>37.</strong></span> 
     </span>
    </p>
   </div>
  </div>
 </body>
</html>
