3509 5067
524 377 635 468 35]
882 379 1109 435 Veteres
1143 377 1450 447 philosophi
1485 378 1748 447 quomodo
1782 377 2151 435 iudicaverint
2184 379 2253 435 de
2286 380 2537 450 precibus
2793 384 2890 458 353

515 550 613 615 die
667 547 864 613 Lehre
902 567 1036 612 vom
1095 547 1659 613 unaba‘nderlichen
1709 548 1943 613 Fatum
2012 549 2162 615 oder
2218 553 2369 636 ewiq
2416 553 2891 633 feststehenden,

515 651 928 716 Gotteswillen
963 650 1131 716 nicht
1172 650 1560 733 aufyehoben
1585 651 1803 736 werde,
1847 651 1934 716 da
1972 651 2274 719 dieselben
2316 673 2450 719 vom
2493 655 2731 720 Fatum
2772 658 2890 724 als.

509 754 963 839 Bedinyunyen
1019 753 1134 817 der
1186 752 1513 835 ydttlichen
1569 753 1755 836 Hilfe
1817 775 1935 819 von
1990 755 2300 839 Ewiykeit
2354 756 2465 821 her
2515 758 2872 843 vorqesehen

507 859 689 924 scien.
774 855 899 922 Die
944 856 1159 921 Go‘tter
1213 855 1408 921 haben
1452 857 1692 921 etliches
1730 860 1803 922 in
1844 878 2148 940 suspenso
2201 860 2502 946 yelassen,
2564 862 2757 945 sodass
2809 882 2875 927 es

509 981 637 1025 nur
696 961 822 1043 auf
870 960 974 1024 die
1018 959 1232 1024 Gebete
1288 959 1399 1023 der
1455 958 1792 1025 Menschen
1842 960 1954 1025 hin
2012 964 2266 1030 eintritt.
2367 963 2557 1047 Quod
2614 969 2870 1033 rectum

508 1081 656 1129 esse
700 1066 778 1128 ut
821 1064 1275 1146 demonstrem,
1317 1062 1436 1128 hos
1478 1061 1681 1129 affero
1738 1063 1933 1130 locos.
2034 1064 2286 1132 Seneca
2328 1069 2677 1148 postquam
2733 1072 2870 1135 nat.

509 1169 758 1247 quaest.
786 1165 867 1231 -11
895 1166 1152 1232 35—36
1194 1183 1420 1246 preces
1459 1169 1528 1231 et
1558 1184 1751 1232 sacra
1794 1166 2063 1234 inutilia
2106 1186 2252 1234 esse
2291 1168 2603 1251 ostendit,
2646 1169 2873 1252 pergit

508 1287 560 1334 c.
604 1269 718 1334 37:
774 1267 977 1349 Ayere
1025 1287 1194 1331 nunc
1239 1287 1496 1332 causam
1553 1288 1766 1333 eorum
1829 1270 1977 1352 volo,
2036 1272 2149 1354 qui
2194 1270 2605 1354 procuranda
2661 1272 2868 1337 existi-

508 1376 685 1435 mant
749 1372 1033 1452 fulmina
1090 1377 1146 1435 et
1208 1372 1579 1455 captationes
1636 1391 1761 1435 non
1823 1372 2110 1436 dubitant
2169 1373 2457 1455 prodesse
2527 1374 2870 1458 aliquando

505 1473 594 1538 ad
648 1473 1060 1538 submovenda
1113 1474 1426 1556 pericula,
1500 1472 1845 1558 aliquando
1894 1475 1980 1539 ad
2037 1475 2319 1560 levanda,
2377 1477 2723 1560 aliquando
2778 1476 2865 1541 ad

503 1575 853 1659 differenda
897 1627 912 1641 .
958 1628 973 1643 .
1018 1627 1034 1644 .
1075 1578 1327 1641 interim
1365 1575 1475 1640 hoe
1517 1576 1738 1640 habent
1795 1596 2119 1641 commune
2153 1578 2482 1663 nobiscum,
2540 1579 2709 1664 quod
2748 1598 2885 1652 nos,

502 1697 741 1762 quoque
781 1679 1208 1743 existimamus
1234 1684 1387 1766 ‘vota
1426 1677 1718 1761 proficere
1758 1678 1931 1742 salva
1973 1680 2076 1742 via
2118 1699 2193 1744 ac
2225 1685 2520 1763 potestate
2558 1682 2888 1762 fatorum..

501 1779 684 1862 Quae
727 1780 888 1846 ibid.
933 1781 1057 1864 §.3
1115 1780 1487 1847 afferuntur
1531 1799 1573 1847 a
1616 1780 1768 1847 ficto
1815 1781 2215 1865 adversario,
2274 1783 2646 1876 sententiae
2689 1788 2882 1869 sunt,

501 1901 665 1964 quas
694 1882 946 1950 Seneca
990 1882 1143 1949 aliis
1179 1882 1339 1950 locis
1368 1882 1684 1968 defendit,
1728 1883 1849 1951 hoc
1881 1888 2105 1951 autem
2133 1885 2275 1953 loco
2312 1885 2676 1969 impugnat,
2705 1887 2857 1953 dum

500 1985 692 2053 dicit:
734 1986 870 2050 Aut
905 1987 1207 2067 futurum
1250 1992 1338 2050 est
1380 1993 1496 2050 aut
1528 2006 1684 2052 non:
1728 1987 1791 2052 si
1813 1987 2111 2069 futurum
2156 1994 2261 2072 est,
2293 1986 2401 2070 fiet
2440 1990 2685 2053 etiamsi
2724 1993 2882 2073 vota·

498 2108 624 2152 non
665 2090 942 2171 suscipis,
1031 2088 1105 2153 Si
1146 2110 1273 2154 non
1330 2096 1419 2154 est
1467 2090 1785 2175 futurum,
1842 2092 2084 2155 etiamsi
2140 2110 2266 2155 non
2316 2092 2656 2173 susceperis
2709 2098 2863 2177 vota,

498 2212 622 2256 non
663 2190 783 2273 fiet.
872 2192 1115 2259 Contra
1161 2192 1412 2259 Seneca
1456 2196 1842 2276 respondet:
1901 2193 2103 2259 Falsa
2145 2201 2235 2260 est
2275 2197 2399 2260 ista
2439 2196 2875 2279 interroyatio,

497 2296 648 2379 quia
688 2295 865 2359 illam
909 2295 1177 2360 mediam
1217 2298 1386 2360 inter
1424 2287 1550 2361 ista
1578 2298 1984 2379 acceptionem
2019 2301 2368 2379 praeteris:
2405 2299 2703 2379 futurum
2745 2298 2881 2363 hoc.

496 2402 603 2481 est,
646 2397 754 2462 sed
789 2400 849 2461 si
887 2405 1024 2463 vota
1067 2404 1348 2483 suscepta
1372 2399 1632 2481 fuerint.
1718 2400 1926 2469 Novis
1970 2404 2172 2482 atque
2214 2400 2400 2467 miris
2446 2401 2878 2484 argumentis

495 2501 840 2567 confirmat
881 2502 1282 2568 sententiam
1326 2522 1512 2569 suam
1557 2523 1609 2569 c.
1654 2505 1739 2570 38
1783 2502 1959 2571 init:
2014 2503 2183 2568 Puta
2222 2524 2319 2569 me
2362 2554 2378 2571 .
2406 2556 2422 2571 .
2453 2557 2468 2571 .
2510 2506 2709 2586 fateri
2747 2503 2859 2569 hoc

492 2623 733 2688 quoque
755 2605 895 2685 fato
921 2623 1046 2668 esse
1073 2604 1589 2689 comprehensum,
1623 2612 1693 2669 ut
1722 2607 1934 2691 utique
1958 2604 2122 2688 fiant
2146 2613 2285 2671 vota
2301 2628 2324 2670 .·
2364 2606 2504 2671 ideo
2535 2605 2700 2687 fient.
2759 2607 2855 2673 Et

492 2705 800 2772 similiter
838 2707 876 2790 ἓ
921 2709 992 2773 2:
1037 2706 1321 2791 Effuyiet
1355 2710 1658 2793 pericula,
1699 2710 1756 2773 si
1798 2710 2138 2793 expiaverit
2173 2709 2531 2794 praedictas
2556 2708 2877 2783 divinitus*

492 2810 736 2887 minas,·
776 2816 844 2875 at
885 2809 995 2874 hoc
1039 2830 1274 2895 quoque
1310 2812 1380 2875 in
1419 2811 1557 2893 fato
1599 2816 1701 2896 est,
1746 2816 1818 2876 ut
1859 2813 2100 2893 expiet:
2139 2812 2274 2878 ideo
2317 2812 2587 2896 expiabit
2606 2813 2650 2877 ¹.

663 2928 836 3013 Quid
856 2949 929 2996 re
946 2948 1110 2998 vera
1132 2935 1437 3013 spectare
1459 2951 1690 3014 preces
1711 2936 1905 3014 putet
1920 2933 2188 3016 Seneca,
2210 2932 2316 2998 his
2337 2932 2501 2999 dicit
2523 2931 2748 3000 verbis
2771 2932 2877 2998 de·

489 3031 704 3099 benef.
727 3033 788 3100 V
809 3033 911 3116 25,
933 3034 1006 3099 4:
1048 3031 1208 3097 Vota
1235 3034 1377 3099 illos
1398 3034 1604 3121 (deos)
1628 3054 1756 3099 non
1786 3041 2061 3118 exorant,
2088 3034 2196 3099 sed
2221 3034 2556 3099 admonent
2576 3034 2620 3100 ².
2665 3034 2856 3119 Quod

487 3134 781 3201 homines
824 3135 1026 3203 etiam
1073 3141 1274 3217 atque
1320 3136 1519 3203 etiam
1562 3142 1935 3222 precantur,
1982 3138 2272 3205 Senecae
2317 3139 2701 3206 documento
2746 3141 2874 3226 est⁸

486 3256 714 3318 preces
758 3256 904 3305 esse
949 3238 1253 3306 efficaces
1272 3238 1316 3304 ⁸.
1416 3239 1779 3322 Epicurum
1839 3240 2013 3307 enim
2069 3259 2215 3307 cum
2272 3240 2680 3324 aggreditur,
2739 3241 2853 3321 qui

488 3339 800 3422 opinatur
844 3343 1036 3409 deum
1078 3360 1374 3409 securum
1435 3347 1505 3409 et
1562 3344 2023 3427 neglegentem
2080 3342 2292 3410 nostri
2351 3341 2674 3410 beneficia
2721 3362 2851 3410 non

665 3508 687 3540 ¹
722 3510 803 3567 Cf.
838 3516 953 3565 nat.
989 3517 1199 3579 quaest.
1234 3512 1296 3567 H
1328 3513 1413 3582 38,
1448 3514 1500 3567 3.

659 3594 683 3626 ²
719 3595 800 3651 Cf.
836 3597 1124 3652 Bonhoffer
1156 3597 1271 3653 Die
1292 3598 1467 3653 Ethilc
1500 3598 1593 3654 des
1616 3598 1862 3655 Stoikers
1894 3598 2127 3669 Epiktct
2172 3616 2224 3669 p.
2250 3598 2345 3653 84:
2381 3597 2507 3653 Das
2547 3596 2721 3654 Gebet
2750 3596 2854 3651 hat

485 3678 644 3734 nicht
674 3679 778 3735 den
811 3681 1015 3752 Zweck‚
1049 3682 1140 3737 die
1173 3683 1338 3751 Hilfe
1371 3684 1470 3739 der
1508 3684 1702 3741 Giitter
1742 3701 1814 3740 zu
1849 3685 2169 3756 erzwinyen,
2216 3683 2455 3739 sondern
2488 3700 2603 3739 nur
2647 3682 2727 3738 sie
2773 3699 2869 3738 an-

484 3763 574 3820 die
605 3766 1002 3823 menschlichen
1034 3770 1305 3840 Anlieqen
1337 3787 1408 3825 zu
1443 3770 1724 3826 erinnern.
1796 3770 1997 3826 Dieser
2028 3770 2163 3826 Satz
2207 3770 2358 3825 kann
2404 3786 2520 3824 nur
2563 3768 2670 3824 den
2704 3768 2851 3825 Sinn

482 3850 672 3916 haben,
709 3852 819 3919 dass
849 3853 949 3909 das
990 3854 1163 3910 Gebet
1193 3856 1286 3911 cin
1317 3858 1437 3911 Akt
1468 3856 1567 3912 der
1599 3855 2027 3927 Unterwerfuny
2059 3858 2227 3912 untcr
2265 3855 2405 3911 Gott
2436 3855 2559 3911 sein
2591 3855 2710 3910 soll.

656 3938 679 3971 ⁸
714 3939 794 3994 Of.
831 3941 1094 4008 quomodo
1127 3941 1395 3998 Timocles
1429 3942 1639 3999 Stoicus
1675 3944 1822 4012 apud
1845 3943 2147 3999 Lucianum
2180 3943 2339 4011 Iupp.
2362 3947 2510 4011 trag.
2545 3957 2590 3998 c.
2614 3940 2681 3995 51
2718 3941 2848 3997 deos

481 4038 598 4079 esse
632 4024 885 4094 colligat:
936 4027 1006 4077 Εἰ
1037 4025 1142 4095 γὰρ
1182 4028 1282 4078 εἰσὶ
1314 4032 1512 4093 βωμοί,
1559 4030 1661 4080 εἰσὶ
1693 4032 1786 4080 καὶ
1819 4031 1976 4081 θεοί·
2012 4025 2146 4081 ἀλλὰ
2180 4027 2292 4094 μὴν
2326 4029 2428 4079 εἰσὶ
2460 4030 2658 4094 βωμοί,
2707 4026 2849 4078 εἰσὶν

481 4102 588 4176 ἄρα
621 4112 711 4160 καὶ
745 4111 888 4163 θεοί.
957 4112 1165 4167 Balbus
1199 4113 1412 4168 Stoicus
1445 4115 1593 4183 apud
1629 4114 1741 4170 Cic.
1778 4115 1847 4170 de
1881 4120 1997 4170 nat.
2035 4114 2086 4169 d.
2110 4114 2170 4170 H
2192 4114 2243 4184 4,
2269 4114 2363 4169 12:
2405 4113 2652 4183 Quorum
2674 4112 2864 4167 inter--

469 4196 657 4262 pretes
684 4198 832 4266 mmt,
870 4212 960 4252 eos
982 4198 1133 4267 ipsos
1156 4214 1268 4254 esse
1290 4200 1431 4254 certe
1452 4214 1660 4254 necesse
1683 4203 1779 4256 est.
1848 4200 2102 4256 Deorum
2125 4202 2310 4256 autem
2332 4200 2659 4269 interpretes
2680 4199 2848 4252 sumt:

480 4277 606 4334 deos
655 4279 830 4351 iqitwr
875 4298 987 4337 esse
1028 4283 1329 4353 fateamur.
1413 4284 1493 4339 Of.
1542 4286 1723 4341 Zeller
1769 4286 1860 4341 III
1897 4286 1925 4338 1
1963 4303 2016 4356 p.
2055 4285 2185 4357 1343
2231 4286 2358 4343 vide
2398 4284 2633 4342 Zenonis
2679 4299 2863 4354 argu-·

474 4371 737 4438 mentum,
774 4369 918 4436 quod
952 4385 1120 4440 supra
1153 4371 1690 4428 commemoravimus
1724 4389 1779 4442 p.
1814 4371 1901 4440 25,
1937 4372 1986 4427 1.

2460 4458 2526 4511 3*
