3509 5067
617 398 702 465 56
1528 397 1796 453 Henricus
1830 397 2073 453 Schmidt
2867 400 2975 488 [56

616 588 863 633 verna
904 570 975 632 in
1017 569 1119 633 via
1165 567 1422 634 Salaria
1467 570 1677 632 lucum
1719 567 1931 640 habet3
1988 572 2075 633 est
2130 574 2336 633 autem
2394 569 2541 633 dea
2579 571 2865 651 furum
2909 578 2978 635 et

616 672 1152 736 simulacrum
1194 674 1371 736 eius
1421 671 1667 752 fures
1721 670 2033 754 colunt,
2091 678 2164 734 et
2221 673 2359 755 qui
2413 672 2775 736 consilia
2830 693 2977 737 sua

618 774 908 838 volunt
954 776 1250 855 taeita;
1308 791 1489 836 nam
1544 792 1818 853 preces
1884 775 2062 837 eius
2120 793 2288 837 eum
2345 773 2694 838 silentio
2751 795 2973 839 exer-

620 883 921 942 centur.
1006 875 1415 941 Simillimum
1453 881 1564 941 est
1591 875 1883 941 scholion
1927 877 2016 941 ad
2045 876 2344 942 Persium
2387 881 2515 943 sat.
2544 877 2616 943 Π
2646 879 2687 945 5
2731 878 2973 960 ascrip-

617 984 789 1045 tum:
834 978 1031 1041 Ideo
1069 979 1340 1061 palam
1383 997 1540 1042 non
1583 983 1862 1061 orant,
1906 997 1997 1042 ne
2039 980 2325 1059 iniqua
2366 998 2645 1043 eorum
2681 982 2976 1063 petitio

619 1079 1088 1160 audia,tur1.

791 1183 886 1250 Ut
932 1182 1179 1249 Seneca
1223 1201 1322 1264 ep.
1370 1183 1468 1266 10,
1513 1183 1554 1249 5
1599 1183 2087 1250 Macrobius
2146 1202 2403 1264 quoque
2447 1202 2592 1251 cum
2635 1185 2975 1251 sententia

621 1286 1156 1352 Athenodori
1199 1284 1405 1352 Stoici
1425 1285 1451 1322 ²
1494 1285 1824 1352 consentit
1868 1286 2198 1353 Saturnal.
2242 1286 2280 1352 I
2324 1289 2380 1370 7,
2424 1289 2466 1353 6
2518 1286 2642 1371 (ed.
2685 1288 2972 1370 Eyssen-

620 1388 876 1473 hardt):
935 1387 1279 1453 Nullum
1336 1390 1558 1452 inter
1613 1408 1754 1452 nos
1814 1388 1984 1453 tale
2039 1395 2438 1453 secretum
2506 1391 2975 1473 opinarer-0,

624 1491 834 1576 quod
875 1510 1027 1555 non
1086 1491 1212 1555 vel
1268 1491 1422 1555 tibi
1477 1491 1601 1568 vel
1656 1492 1897 1554 etiam
1955 1491 2196 1572 vulyo
2244 1492 2463 1573 fieri
2517 1491 2976 1555 dilucidum

614 1599 917 1676 posset,
962 1595 1114 1677 quia
1141 1613 1333 1677 neque
1368 1612 1475 1677 eqo
1517 1611 1655 1656 sum
1698 1594 2024 1656 immemor
2065 1613 2174 1657 nec
2200 1593 2424 1657 horum
2467 1613 2837 1677 quemquam
2879 1595 2978 1657 in-

620 1697 818 1760 scium
877 1696 1054 1760 eredo
1123 1697 1396 1760 sancti
1451 1695 1697 1759 itlius
1746 1697 2175 1777 praecepti
2226 1695 2807 1780 philosophiae
2862 1698 2978 1760 sie

624 1797 1109 1883 loquendum
1152 1817 1317 1862 esse
1361 1816 1529 1861 eum
1582 1796 2085 1881 hominibus,
2147 1805 2551 1883 tamquam
2609 1798 2694 1863 di
2736 1799 2978 1862 audi—

623 1906 794 1984 ant,
836 1902 955 1965 sic
998 1899 1480 1985 loquendum
1512 1899 1871 1983 memnii-3,
1914 1907 2321 1984 tamquam
2356 1900 2978 1965 hominesawdi-

623 2010 802 2067 ant:
856 2005 1038 2067 cuius
1085 2001 1358 2068 secunda
1403 2022 1562 2086 pars
1617 2005 1832 2087 sancit,
1892 2023 1987 2067 ne
2043 2004 2242 2087 quid
2296 2024 2337 2067 a
2396 2003 2526 2074 dis
2581 2010 2980 2086 petamus,

622 2106 830 2191 quod
871 2105 1097 2171 velle
1118 2125 1265 2170 nos
1313 2105 1783 2169 indecorum
1842 2107 1952 2169 sit
1992 2105 2461 2171 hominibus
2517 2087 2979 2188 confiteri&

624 2209 729 2276 Ea
786 2227 955 2290 quae
999 2208 1249 2275 Seneca
1303 2210 1526 2275 eodem
1586 2208 1725 2274 loco
1783 2209 2237 2292 reprehendit:
2301 2208 2522 2290 Quod
2578 2209 2795 2273 seire
2847 2208 2980 2272 ho-

626 2315 909 2376 minem
937 2313 1257 2394 nolunt,
1289 2310 1417 2376 deo
1446 2318 1837 2394 narrant,
1866 2311 2265 2378 Plutarchus
2289 2329 2545 2393 quoque
2575 2312 2981 2393 condemnat,

627 2416 707 2482 de
751 2414 879 2481 def.
923 2414 1165 2481 oracul.
1208 2414 1344 2480 VII
1398 2433 1458 2496 p.
1502 2414 1728 2480 413B:
1797 2412 2013 2491 Οὕτως
2069 2415 2112 2476 ἃ
2154 2412 2367 2490 καλῶς
2410 2407 2579 2492 εἶχεν
2621 2411 2983 2497 ἀνθρώπου

625 2521 1053 2603 πρεσβυτέρου
1095 2515 1414 2602 παρόντος
1457 2514 1916 2601 ἀρνεῖσθαι
1956 2515 2096 2579 καὶ
2138 2512 2715 2601 ἀποκρύπτειν
2754 2516 2978 2600 νοσή-

625 2643 843 2702 ματα
885 2628 1019 2705 τῆς
1076 2627 1342 2704 ψυχῆς
1397 2617 1536 2682 καὶ
1588 2620 1856 2703 πάθη,
1914 2629 2169 2682 ταῦτα
2227 2618 2489 2702 γυμνὰ
2545 2615 2683 2681 καὶ
2742 2638 2981 2701 περι-

630 2730 842 2808 φανῆ
884 2720 1378 2805 κομίζουσιν
1421 2717 1566 2784 ἐπὶ
1606 2721 1743 2785 τὸν
1785 2719 2049 2785 θεόν4.

806 2861 828 2892 ²
862 2860 943 2914 Of.
979 2857 1260 2913 Herondas
1295 2858 1325 2912 I
1359 2858 1519 2926 35sq.
1556 2856 1661 2926 (ed.
1699 2856 1960 2925 Crusius),
2003 2872 2108 2925 qno
2142 2857 2258 2911 loco
2292 2855 2469 2925 Gyllis
2503 2856 2630 2911 lena
2664 2857 2983 2925 Aegyptum

628 2944 948 3015 praedicans
993 2960 1255 3013 magnum
1298 2959 1585 2999 numerum
1632 2948 1690 2998 et
1734 2942 2197 3011 pulchritudinem
2244 2942 2534 2997 mulierum
2580 2941 2797 3012 laudat,
2847 2956 2985 3009 quae

629 3030 862 3100 graciles
898 3029 1011 3084 sint
1046 3034 1104 3084 et
1137 3028 1412 3099 pulchrae,
1447 3034 1516 3083 ut
1548 3029 1681 3083 deae
1714 3027 1861 3097 illae,
1897 3043 2038 3096 quae
2073 3027 2202 3081 olim
2237 3027 2294 3081 in
2329 3027 2592 3082 indicium
2627 3026 2697 3081 ad
2731 3026 2986 3081 Paridem

629 3114 1057 3185 properaverint.
1128 3113 1324 3168 Statim
1373 3119 1574 3183 autem,
1622 3129 1745 3168 cum
1779 3113 1991 3182 timeat,
2039 3129 2110 3168 ne
2146 3112 2280 3167 deae
2326 3127 2384 3167 se
2429 3118 2653 3182 propter
2697 3111 2989 3166 temeraria

630 3205 689 3255 et
721 3200 976 3255 indecora
999 3199 1165 3255 verba
1188 3199 1438 3269 puniant,
1474 3204 1681 3254 secreto
1706 3203 2013 3253 murmurat
2034 3199 2185 3253 lena:
2222 3195 2521 3263 Λάθοιμ’
2560 3194 2722 3251 αὐτὰς
2744 3197 2987 3251 εἰποῦσα.

809 3286 832 3318 ²
865 3284 1198 3340 Athenodori
1232 3283 1401 3338 verba
1434 3284 1579 3353 apud
1613 3284 1869 3338 Senecam
1916 3299 1998 3352 ep.
2035 3283 2119 3353 10,
2155 3283 2189 3336 5
2235 3283 2307 3352 (v.
2344 3282 2529 3351 Sudh.)
2573 3283 2706 3337 haec
2740 3286 2987 3337 exstant:

637 3370 731 3425 Sic
763 3370 880 3425 vive
915 3385 1041 3423 cum
1074 3368 1403 3439 hominibus,
1440 3371 1723 3437 tamquam
1770 3368 1902 3423 deus
1934 3367 2134 3433 videat,
2181 3368 2261 3423 sic
2297 3369 2508 3437 loquere
2542 3384 2667 3422 cum
2702 3366 2813 3437 deo,
2852 3369 2990 3421 tam-

637 3472 805 3525 quam
836 3454 1083 3509 homines
1128 3453 1381 3510 audiant.
1461 3454 1632 3521 Quem
1677 3455 1856 3508 locum
1902 3471 1937 3509 a
1980 3453 2250 3509 Macrobio
2306 3453 2502 3523 respici
2547 3452 2839 3509 verisimile
2887 3459 2988 3522 est,

635 3542 766 3597 licet
799 3540 1009 3609 reliqua
1044 3539 1378 3596 Athenodori
1423 3540 1590 3595 verba
1623 3539 1807 3608 paullo
1840 3545 1970 3595 ante
2017 3556 2051 3594 a
2086 3539 2289 3595 Seneca
2338 3539 2570 3595 laudata
2619 3555 2728 3593 non
2776 3537 2989 3592 afferat.

813 3625 835 3658 ⁸
869 3627 972 3681 Hic
993 3625 1171 3694 turpis
1193 3625 1305 3681 ista
1327 3626 1567 3693 precatio
1604 3641 1775 3693 eaque
1798 3631 2139 3680 murmurata
2173 3625 2638 3680 commemoranda
2661 3627 2746 3678 est
2767 3624 2989 3679 Petron.

637 3730 683 3769 c.
717 3713 811 3767 85·
847 3712 991 3767 Fere
1025 3712 1172 3766 circa
1205 3710 1442 3766 mediam
1481 3713 1695 3765 noctem
1729 3709 1979 3765 intellexi
2004 3717 2245 3779 'puerum
2278 3709 2522 3779 viyilare.
2557 3709 2745 3777 itaque
2793 3709 2849 3763 ti
2862 3709 2952 3763 mi
2966 3738 2989 3749 -

639 3797 936 3853 dissime
982 3813 1335 3860 murmure
1380 3798 1612 3851 votum
1655 3794 1806 3864 feci
1853 3799 1931 3863 et,
1980 3795 2222 3864 domina,
2268 3795 2514 3863 inquam,
2560 3794 2755 3863 Venus,
2801 3793 2854 3847 ei
2899 3809 2992 3862 eqo

638 3884 784 3938 hunc
807 3899 1048 3953 puerum
1084 3881 1382 3949 basinum-o,
1419 3882 1503 3937 ita
1534 3884 1604 3936 ut
1633 3880 1728 3936 ille
1761 3898 1877 3936 non
1911 3880 2133 3950 sentiat,
2181 3897 2306 3935 cras
2339 3880 2428 3935 illi
2466 3897 2579 3950 par
2613 3878 2992 3935 columbarum

640 3968 867 4024 donabo.

812 4055 837 4087 ⁴
871 4054 1074 4110 Contra
1098 4054 1498 4123 Clytaemestra
1521 4053 1807 4109 scelestam
1841 4053 2192 4123 optationem,
2227 4053 2370 4122 quod
2405 4061 2591 4122 sperat
2623 4051 2798 4107 filium
2832 4065 2995 4105 suum

641 4140 887 4196 Orestem
921 4140 1245 4195 moriturum
1279 4155 1411 4210 esse,
1447 4155 1516 4194 ne
1551 4138 1635 4194 dis
1671 4139 1891 4208 quidem
1925 4155 2147 4195 narrare
2182 4140 2365 4208 audet,
2412 4138 2651 4207 Sophocl.
2686 4137 2905 4192 Electra
2939 4151 2994 4190 v.

640 4224 745 4279 655
756 4241 897 4294 sqq.:
946 4221 1125 4294 Ταῦτ’,
1149 4217 1199 4275 ὦ
1221 4222 1405 4275 Λύκει’
1432 4221 1711 4283 Ἄπολλον,
1747 4221 1900 4278 ἵλεως
1921 4221 2097 4275 κλύων
2128 4225 2137 4292 Ι
2165 4222 2256 4277 δὸς
2290 4225 2460 4275 πᾶσιν
2487 4222 2619 4288 ἡμῖν
2641 4219 2823 4291 ὥσπερ
2858 4221 2998 4282 ἐξαι-

638 4310 913 4376 τούμεθα·
945 4311 956 4379 Ι
984 4308 1053 4360 τὰ
1085 4306 1284 4360 δ’ἄλλα
1317 4310 1503 4363 πάντα
1539 4313 1652 4361 καὶ
1687 4305 2058 4373 σιωπώσης
2090 4309 2263 4374 ἐμοῦ
2294 4310 2303 4378 Ι
2335 4307 2536 4367 ἐπαξιῶ
2561 4314 2621 4358 de
2645 4304 2852 4371 δαίμον’
2879 4305 2995 4358 ὅντ’

640 4392 910 4459 ἐξειδέναι.
2967 4403 2970 4406 ’
