3509 5067
642 362 728 428 38
1548 359 1821 415 Henricns
1853 359 2098 414 Schmidt
2893 360 3001 448 [38

813 531 1193 615 Epictetum
1259 550 1522 600 servum
1579 531 1859 597 maxime
1919 530 2375 597 admirabatur
2446 532 2516 596 M
2530 550 2574 597 a
2587 551 2624 597 r
2638 551 2675 598 c
2689 551 2737 598 u
2749 549 2783 597 s
2839 533 2901 597 A
2916 549 2960 597 u
2975 567 3003 581 -

643 635 918 701 relius
970 634 1484 719 Antoninus,
1544 639 1617 701 et
1678 633 2041 716 imperator
2081 638 2152 700 et
2196 633 2624 716 philosophus
2667 634 2801 700 ille.
2913 634 3004 701 Ut

647 739 733 805 ab
779 737 926 804 aliis
969 737 1244 804 huiusce
1304 736 1552 804 aetatis
1596 734 1854 818 StoiciS,
1915 736 2000 803 ab
2044 737 2380 802 Antonino
2430 755 2683 818 quoque
2723 755 2855 803 non
2900 740 3004 803 est
3117 802 3131 817 ,

644 841 909 907 exculta
950 839 1381 924 philosophia,
1424 845 1659 906 contra
1699 838 2022 905 scientiae
2067 837 2432 905 doctrinam
2474 839 2547 905 in
2591 858 2776 906 usum
2820 839 3001 906 vitae

644 941 1040 1009 conferebat.
1128 942 1390 1024 Optime
1432 942 1728 1009 homines
1772 942 2125 1008 secundum
2170 960 2314 1007 eum
2365 943 2524 1008 deos
2580 946 3000 1024 venerantur,

643 1065 790 1112 cum
827 1043 1207 1112 imitantur:
1250 1045 1567 1129 Μεγάλως
1596 1043 1987 1130 συλλήψεται
2014 1062 2117 1107 σοι
2151 1042 2225 1107 τὸ
2267 1046 2632 1130 μεμνῆσθαι
2674 1047 2851 1109 θεῶν
2893 1045 3003 1108 καὶ

636 1146 871 1233 ὅτιπερ
909 1146 984 1212 οὐ
1012 1147 1474 1212 κολακεύεσθαι
1504 1142 1684 1211 οὗτοι
1709 1145 2031 1231 θέλουσιν,
2066 1144 2230 1209 ἀλλὰ
2259 1144 2726 1229 ἐξομοιοῦσθαι
2753 1146 3003 1222 ἑαυτοῖς

643 1251 725 1315 τὰ
768 1249 996 1335 λογικὰ
1040 1252 1256 1315 πάντα
1274 1253 1318 1318 ¹.
1416 1251 1498 1318 In
1543 1250 1842 1317 omnibus
1897 1251 2096 1316 rebus
2154 1252 2420 1317 deorum
2463 1269 2648 1334 opem
2705 1251 3002 1320 invocari

633 1353 871 1421 iussit:
915 1352 1022 1438 ἐφ’
1067 1351 1281 1417 ἅπασι
1324 1351 1396 1417 δὲ
1436 1351 1638 1428 θεοὺς
1680 1346 1993 1416 ἐπικαλοῦ
2036 1352 2158 1437 (VI
2201 1353 2327 1437 23).
2432 1353 2589 1419 Cum
2649 1353 2756 1420 dei
2811 1353 3000 1420 nobis

645 1455 1059 1540 provideant,
1117 1456 1515 1538 sacrificant,
1572 1455 1820 1538 iurant,
1875 1458 2235 1537 precantur
2290 1456 2587 1522 homines
2643 1456 2767 1540 (VI
2824 1457 2935 1541 44)
2957 1458 3001 1521 ².

642 1560 907 1627 Laudat
948 1558 1457 1626 Atheniensium
1498 1558 1831 1641 simplices
1874 1562 2226 1639 rectasque
2262 1577 2507 1642 preeeS,
2559 1558 2801 1641 quippe
2832 1577 3001 1639 quae

641 1681 773 1729 non
803 1662 940 1729 sint
959 1681 1123 1745 mea,
1150 1666 1287 1747 tua,
1316 1680 1439 1727 sua
1461 1680 1660 1728 causa
1675 1661 1913 1744 dictae,
1942 1662 2058 1728 sed
2079 1660 2377 1728 omnibus
2398 1662 2795 1728 conducant:
2822 1659 3001 1744 Εὐχὴ

632 1763 1008 1850 Ἀθηναίων.
1095 1763 1301 1837 Ὗσον,
1344 1757 1517 1836 ὗσον,
1561 1756 1615 1825 ὦ
1644 1761 1799 1848 φίλε
1824 1770 1967 1846 Ζεῦ,
2021 1762 2183 1828 κατὰ
2218 1772 2327 1849 τῆς
2356 1761 2632 1849 ἀρούρας
2672 1772 2782 1847 τῆς
2815 1762 2998 1850 Ἀθη-

644 1872 842 1931 ναίων
881 1867 993 1931 καὶ
1031 1877 1160 1930 τῶν
1186 1865 1437 1930 πεδίων
1454 1867 1500 1928 ²³.
1587 1864 1765 1930 Ἤτοι
1809 1865 1884 1930 οὗ
1922 1864 2024 1929 δεῖ
2066 1866 2392 1949 εὔχεσθαι,
2434 1861 2474 1948 ἢ
2511 1865 2731 1942 οὕτως,
2777 1864 3002 1941 ἅπλῶς

634 1970 755 2034 ,καὶ
799 1967 1183 2052 ἐλευθερίως
1225 1971 1312 2054 (V
1358 1970 1422 2055 7)
1444 1970 1487 2036 ⁴.
1573 1969 1891 2036 Homines
1936 1988 1977 2035 a
2021 1970 2125 2035 dis
2167 1974 2394 2051 petere
2430 1988 2560 2035 non
2603 1973 2881 2052 oportet,
2927 1974 3003 2035 ut

636 2078 955 2141 avertant
995 2073 1132 2156 illa,
1174 2074 1342 2140 haec
1385 2074 1559 2155 dent,
1622 2075 1738 2139 sed
1782 2077 1861 2139 ut
1904 2073 2014 2138 dei
2056 2073 2350 2139 homines
2406 2072 2693 2138 liberent
2749 2071 3002 2156 timore,

631 2175 965 2259 cupidine,
1016 2195 1329 2243 maerore.
1428 2176 1685 2242 Deinde
1745 2176 2050 2258 exempla
2107 2175 2308 2241 affert
2364 2193 2717 2257 pravarum
2775 2194 3001 2257 preca-

634 2278 891 2346 tionum
908 2330 925 2363 ,
982 2298 1146 2360 quas
1204 2279 1517 2360 repudiat
1531 2330 1548 2362 ,
1605 2283 1677 2345 et
1733 2283 2081 2363 rectarum,
2142 2271 2308 2359 quas
2363 2296 2493 2344 non
2550 2276 2802 2344 frustra
2856 2277 3001 2344 fieri

642 2380 963 2448 affirmat:
1006 2375 1207 2458 Οὗτος
1248 2380 1524 2462 εὔχεται·
1567 2390 1719 2457 Πῶς
1745 2383 2047 2466 κοιμηθῶ
2082 2380 2219 2463 μετ)
2250 2377 2525 2467 ἐκείνηςς
2569 2381 2674 2443 σύ·
2717 2387 2871 2456 Πῶς
2910 2380 2997 2464 μὴ

639 2483 1027 2570 ἐπιθυμήσω
1090 2495 1204 2548 τοῦ
1265 2486 1659 2571 κοιμηθῆναι
1720 2483 1860 2565 μετ’
1924 2480 2165 2570 ἐκείνης
2222 2484 2351 2569 (ΙΧ
2400 2484 2527 2567 40).
2634 2483 3000 2567 Ingenuum

641 2586 1106 2669 imperatorem
1173 2587 1388 2670 ipsum
1446 2606 1703 2669 quoque
1758 2606 1957 2670 saepe
2015 2606 2161 2653 esse
2217 2590 2555 2668 precatum
2572 2636 2590 2670 ‚
2651 2587 3000 2668 praeclara

642 2690 786 2756 eius
828 2690 1231 2772 professione
1276 2691 1496 2758 elucet
1537 2690 1606 2756 X
1649 2691 1767 2757 36:
1824 2697 2023 2754 Τοῦτο
2068 2682 2180 2753 οὖν
2221 2685 2535 2774 ἐννοήσεις
2577 2687 3002 2773 ἀποθνῄσκων

643 2793 753 2857 καὶ
799 2791 1221 2879 εὐκολώτερον
1277 2791 1571 2877 ἐξελεύοῃ
1629 2791 2037 2875 λογιζόμενος
2053 2817 2068 2832 ·
2129 2788 2197 2857 ἐκ
2253 2793 2545 2856 τοιούτου
2603 2795 2746 2875 βίου
2804 2791 3002 2875 ἀπέρ-

640 2916 863 2977 χομαι,
907 2893 976 2959 ἐν
1018 2890 1071 2979 ᾧ
1117 2894 1299 2960 αὐτοὶ
1342 2894 1408 2960 οἱ
1449 2898 1767 2969 κοινωνοί,
1813 2891 1975 2980 ὑπὲρ
2018 2892 2108 2959 ὧν
2147 2894 2228 2960 τὰ
2269 2905 2550 2959 τοσαῦτα
2584 2893 3000 2981 ἠγωνισάμην,

643 2997 905 3085 ηὖξάμ
925 3021 1043 3084 ην,
1091 2994 1458 3085 ἐφρόντισα,
1502 2997 1687 3063 αὐτοὶ
1733 2994 1966 3063 ἐκεῖνοι
2008 2993 2313 3062 ἐθέλουσι
2351 3019 2436 3080 με
2474 2993 2766 3082 ὖπάγειν.

812 3103 977 3185 Pyt
993 3104 1391 3186 hagoram
1419 3102 1810 3186 postulasse,
1852 3108 1927 3169 ut
1959 3101 2409 3169 sacrificantes
2437 3120 2566 3167 non
2597 3102 2807 3168 solum
2835 3119 2998 3184 puro

636 3221 915 3286 corpore
959 3206 1075 3271 sed
1121 3203 1324 3271 etiam
1367 3208 1588 3272 mente
1645 3224 1815 3288 pura
1858 3206 2048 3271 deum
2095 3205 2379 3288 adirent,
2420 3203 2631 3271 refert
2672 3204 2999 3271 Diodorus

643 3305 903 3373 Siculus
947 3308 1015 3372 X
1057 3307 1117 3390 9,
1147 3307 1333 3373 6-8.
1420 3306 1493 3374 Si
1538 3325 1666 3374 non
1696 3308 2117 3392 Pythagorae
2156 3307 2387 3389 ipsius,
2429 3309 2604 3389 quod
2639 3306 2999 3374 verisimile

641 3475 869 3530 Carolus
903 3476 1197 3531 Praechter
1230 3476 1517 3532 ffwrokles
1551 3477 1647 3531 der
1673 3476 1903 3547 Stoiker‚
1942 3476 2093 3548 1901,
2128 3476 2442 3547 fragmenta
2476 3475 2705 3531 moralia
2736 3475 3001 3531 adscribit

642 3561 790 3630 apud
825 3561 1113 3616 Stobaeum
1148 3561 1356 3617 tradita
1391 3563 1616 3632 (anthol.
1652 3564 1683 3617 I
1717 3563 1822 3632 53),
1858 3579 2000 3631 quae
2034 3562 2407 3617 inscribuntur
2441 3566 2565 3613 τίνα
2598 3560 2812 3631 τρόπον
2846 3562 3002 3615 θεοῖς

641 3647 918 3715 χρηστέον.
960 3645 967 3652 ’
1000 3646 1209 3703 Stoicus
1243 3648 1338 3703 ille
1373 3648 1431 3704 in
1466 3649 1807 3704 Homericam
1842 3647 2174 3705 sententiam
2210 3647 2260 3702 A
2295 3647 2397 3701 497
2435 3651 2693 3715 στρεπτοὶ
2726 3644 2784 3697 δέ
2816 3666 2878 3698 τε
2910 3650 3001 3698 καὶ

637 3731 775 3782 θεοὶ
809 3731 967 3782 αὐτοί
997 3733 1346 3788 vehementer
1373 3734 1670 3790 invehitur.

821 3817 839 3849 ¹
878 3818 973 3872 Ele
1009 3817 1206 3870 ἑαυτόν
1237 3819 1290 3873 X
1324 3820 1360 3874 8
1397 3820 1482 3874 ed.
1518 3819 1687 3876 Stich.

816 3902 841 3935 ²
876 3903 958 3958 cf.
993 3903 1205 3960 Seneca
1228 3905 1297 3959 de
1331 3905 1507 3961 benef.
1543 3903 1628 3960 IV
1661 3905 1711 3973 4,
1747 3904 1797 3974 2,
1835 3920 1993 3972 quem
2027 3904 2203 3959 locum
2239 3904 2409 3959 attuli
2443 3920 2610 3974 supra
2642 3921 2695 3973 p.
2731 3903 2814 3957 36.

819 3987 841 4019 ⁸
873 3989 1024 4045 Haec
1059 4006 1173 4045 una
1206 3996 1291 4045 est
1326 4006 1357 4045 e
1379 3990 1568 4059 paucis
1591 3990 1751 4059 vulgi
1773 3990 2189 4059 precationibuS,
2226 4006 2366 4058 quae
2390 3990 2545 4044 nobis
2568 3989 2807 4045 traditae
2840 3993 2999 4056 sunt3

642 4073 712 4128 cf.
747 4073 1018 4129 Aristides
1052 4075 1116 4130 Τ.
1152 4076 1212 4130 Π
1256 4093 1310 4146 p.
1335 4076 1435 4129 291
1472 4076 1636 4131 Dind.
1704 4075 1881 4130 Horas
1916 4075 2279 4144 precabantur
2305 4075 2667 4131 Athenienses
2703 4074 2998 4131 secundum

644 4158 845 4214 Athen.
884 4160 1020 4216 XIV
1053 4160 1260 4229 p.‡451.
2905 4175 2908 4178 ·

816 4245 843 4277 ⁴
875 4245 1025 4300 Haec
1058 4246 1297 4314 precatio
1334 4246 1400 4300 ob
1434 4243 1844 4314 simplicitatem
1878 4245 1937 4300 in
1971 4244 2285 4299 memoriam
2329 4244 2482 4300 nobis
2517 4243 2730 4299 reducit
2764 4240 2999 4298 Socratis

647 4329 1012 4399 precationem
1047 4331 1187 4387 Pani
1222 4332 1476 4399 oblatam,
1513 4331 1580 4386 cf.
1616 4331 1818 4386 Anton.
1855 4331 2056 4385 Comm.
2093 4331 2174 4387 VI
2207 4331 2295 4385 23.
