3509 5067
680 358 721 424 5
736 358 779 424 0
1600 354 1868 411 Henricus
1902 354 2145 411 Schmidt
2363 431 2370 438 .
2933 357 3048 446 [50

682 546 913 611 preces
983 530 1463 609 nuncupandae
1542 526 1700 593 sint.
1816 526 1985 592 Nam
2064 525 2378 608 optimum
2451 529 2623 607 quod
2698 527 2769 593 in
2840 529 3042 595 homi-

682 630 877 696 nibus
942 633 1062 713 est,
1126 629 1198 695 id
1257 634 1358 696 est
1421 628 1734 712 divinum,
1801 628 2254 695 intellectuale
2269 679 2285 711 ‚
2342 646 2543 694 unum
2610 629 2718 697 vel
2781 629 3044 698 intelle-

683 731 890 815 gibile
934 731 1283 813 pervenire
1341 733 1429 798 ad
1486 730 1956 814 perfectionem
2018 730 2372 813 annititur,
2426 749 2572 797 cum
2631 750 2980 814 precamur
3000 736 3043 800 ¹.

684 833 1108 900 Precationes
1153 852 1195 899 a
1251 833 1354 900 dis
1412 833 1875 917 exaudiuntur,
1933 837 2283 914 precantes
2327 832 2460 914 ipsi
2518 851 2662 899 cum
2710 834 2848 901 deis
2894 854 3043 901 con-

683 935 897 1003 iuncti
925 940 1081 1001 sunt
1101 934 1143 1001 ².
1228 934 1374 1001 Non
1402 929 1758 1001 abhorrent
1795 934 2245 1001 invocationes
2276 953 2317 1000 a
2345 933 2641 1017 puritate
2687 936 3045 1003 numinum.

691 1039 886 1104 [mmo
914 1055 1074 1105 vero
1104 1055 1299 1118 quam
1330 1036 1610 1103 maxime
1637 1040 1918 1120 possunt
1949 1037 2090 1103 deis
2120 1036 2631 1119 supplicationes
2664 1038 2901 1105 offerre
2929 1040 3042 1105 ho-

684 1140 890 1206 mines
933 1141 1124 1206 decet
1167 1140 1248 1206 ob
1291 1138 1503 1220 ipsam
1547 1157 1768 1205 eorum
1813 1138 2285 1206 excelsitatem.
2385 1138 2729 1206 Vanitatis
2773 1145 3043 1207 nostrae

684 1246 886 1324 atque
912 1240 1306 1324 fragilitatis
1336 1240 1578 1307 conscii
1606 1241 2019 1324 impellimur,
2049 1246 2126 1308 ut
2154 1260 2516 1326 precemur,
2545 1242 2704 1323 quia
2733 1232 3042 1324 precibus

683 1344 952 1427 propius
997 1345 1416 1410 admovemur
1457 1345 1544 1408 ad
1588 1341 2109 1425 similitudinem,
2135 1345 2396 1410 deorum
2419 1343 2462 1410 ⁸.
2549 1345 2828 1412 Accedit
2870 1349 3045 1427 quod

686 1447 793 1514 dei
854 1446 983 1528 ipsi
1044 1446 1338 1512 carmina
1391 1464 1584 1512 sacra
1642 1444 1984 1530 (ἱερατικαὶ
2042 1444 2327 1531 ἱκετεῖαι)
2382 1465 2527 1513 cum
2587 1447 3042 1514 sacerdotibus

684 1549 1328 1617 communicaverunt
1346 1547 1391 1631 ⁴,
1423 1566 1592 1629 quae
1620 1567 1662 1614 a
1693 1548 1848 1614 solis
1879 1548 1982 1615 dis
2004 1548 2346 1615 intellecta
2374 1567 2504 1615 non
2533 1567 2682 1615 cum
2714 1550 3041 1616 hominum

686 1650 1180 1735 precationibus
1232 1648 1627 1717 conferenda
1686 1655 1844 1717 sunt
1865 1652 1908 1717 ὃ.
1993 1650 2254 1717 Ultimo
2313 1650 2534 1732 capite
2595 1653 2669 1733 (c.
2715 1652 2825 1736 26)
2885 1652 3041 1718 libri

687 1753 922 1835 quinti,
982 1752 1093 1835 qui
1152 1750 1485 1834 ceteroqui
1544 1751 1885 1818 sacrificiis
1906 1751 1933 1790 ⁶
1992 1753 2364 1820 destinatus
2422 1757 2540 1837 est,
2598 1755 2681 1820 de
2736 1753 3042 1836 precibus

686 1855 926 1938 agitur.
1049 1854 1152 1921 De
1218 1859 1374 1921 arta
1436 1854 1891 1937 precationum
1959 1874 2103 1921 cum
2170 1854 2513 1921 sacrificiis
2584 1857 3041 1923 coniunctione

686 1958 942 2025 locutus
966 1957 991 1994 ⁷
1033 1957 1297 2026 diversa
1339 1956 1789 2040 precationum
1835 1976 2080 2040 genera
2125 1957 2502 2030 accuratius
2545 1958 2878 2041 explicare
2924 1978 3041 2042 ag-

687 2060 992 2144 greditur
1016 2059 1059 2126 ⁸.
1146 2061 1310 2126 Tria
1355 2056 1491 2146 εἴδη
1538 2059 2034 2127 discernuntur:

800 2198 853 2263 Ι.
897 2192 1068 2273 εἶδος
1104 2195 1471 2279 συναγωγόν
1505 2196 1908 2282 (germanice
1944 2215 2204 2264 versum
2244 2196 2429 2261 Gebet
2473 2197 2583 2261 der
2621 2197 3040 2282 Sammluny),

892 2317 1023 2381 qua
1077 2298 1452 2380 precatione
1497 2318 1641 2365 cum
1686 2301 1806 2366 deo
1846 2298 2301 2382 coniungimur
2346 2304 2415 2365 et
2454 2318 2564 2366 res
2613 2298 2878 2367 divinas
2934 2318 3038 2366 co-

893 2400 1264 2484 gnoscimus
1285 2401 1328 2466 ⁹.

759 2521 847 2587 H.
891 2514 1062 2597 εἶδος
1097 2525 1428 2596 κοινωνίας
1465 2517 1872 2607 ὁμονοητικῆς
1899 2518 2252 2585 συνδετικόν
2280 2522 2654 2607 (consensus
2687 2522 3035 2588 communi-

893 2623 1162 2705 onisque
1188 2622 1545 2708 vinculum)
1570 2622 1644 2706 ¹⁰,
1694 2642 1826 2705 qua
1868 2623 2253 2705 precatione
2296 2624 2500 2704 etiam
2546 2628 2900 2705 antequam
2943 2625 3035 2691 lo-

864 2794 885 2826 ¹
919 2793 949 2847 I
986 2792 1052 2847 15
1087 2792 1158 2862 (p.
1200 2793 1284 2861 46,
1320 2792 1518 2862 9sqq.).
1588 2794 1794 2862 Magna
1828 2792 2199 2862 precationum
2240 2794 2605 2849 emolumenta
2651 2793 3038 2863 praedicantur

688 2878 719 2932 I
753 2878 821 2932 12
856 2878 928 2947 (p.
965 2878 1048 2948 41,
1085 2878 1154 2933 10
1170 2878 1335 2947 sqq.);
1372 2878 1440 2933 cf.
1476 2895 1529 2948 p.
1565 2877 1648 2948 41,
1686 2879 1753 2932 15
1774 2894 1887 2947 sqq.

858 2963 882 2995 ⁹
917 2964 947 3018 I
983 2963 1048 3016 15
1085 2963 1156 3032 (p.
1192 2964 1277 3034 46,
1312 2963 1538 3034 15sqq.;
1575 2965 1660 3034 47,
1695 2964 1896 3034 2sqq.).
2105 2964 2127 2996 ⁸
2161 2964 2190 3019 I
2227 2964 2292 3018 15
2327 2981 2380 3033 p.
2413 2964 2497 3032 47,
2535 2964 2595 3017 11
2613 2981 2729 3034 sqq.

857 3048 885 3080 ⁴
918 3049 947 3104 I
981 3049 1050 3102 12
1087 3051 1157 3118 (p.
1192 3050 1276 3119 42,
1313 3050 1532 3119 6-17);
1570 3050 1637 3104 cf.
1667 3066 1719 3118 p.
1747 3049 1864 3119 109,
1900 3066 2007 3118 quo
2039 3050 2154 3105 loco
2184 3050 2321 3105 dicit
2355 3050 2640 3105 daemones
2676 3050 2921 3120 singulos
2955 3051 3037 3106 in-

686 3140 897 3190 struere
931 3134 1174 3191 homines
1209 3136 1470 3204 quomodo
1506 3135 1683 3190 velint
1715 3134 1961 3190 invocari
1995 3141 2052 3191 et
2088 3135 2203 3191 coli.
2414 3136 2438 3168 ⁵
2473 3135 2555 3190 IX
2592 3135 2659 3190 10
2693 3136 2767 3205 (p.
2805 3135 2944 3205 284).

860 3219 884 3252 ⁶
920 3219 1001 3274 Of.
1037 3220 1216 3274 Zeller
1248 3220 1339 3275 III
1373 3220 1406 3273 2
1441 3237 1493 3289 p.
1531 3220 1629 3274 721
1647 3236 1764 3288 sqq.

862 3305 884 3335 ⁷
917 3304 1325 3360 Precationibus
1359 3304 1625 3360 sacrificia
1670 3304 2024 3374 perficiuntur
2069 3310 2127 3361 et
2172 3305 2263 3360 dei
2296 3322 2419 3361 cum
2464 3305 2835 3362 sacerdotibus
2883 3305 3039 3373 quasi

686 3389 1025 3459 copulantur.

860 3474 883 3508 ⁸
915 3475 968 3531 V
1001 3475 1096 3530 26:
1140 3475 1284 3526 Ἐπεὶ
1319 3471 1376 3526 δὲ
1408 3478 1573 3543 μέρος
1605 3479 1720 3528 τῶν
1753 3477 1973 3528 θυσιῶν
2021 3475 2086 3528 οὗ
2130 3475 2195 3529 τὸ
2246 3474 2613 3544 σμικρότατόν
2666 3476 2780 3528 ἐστι
2825 3475 2892 3527 τὸ
2924 3478 3039 3526 τῶν

684 3558 874 3622 εὐχῶν,
910 3559 1219 3629 συμπληροῖ
1233 3581 1293 3612 τε
1316 3559 1479 3616 αὐτὰς
1509 3562 1569 3613 ἐν
1590 3576 1703 3616 τοῖς
1737 3559 1985 3632 μάλιστα,
2022 3565 2112 3613 καὶ
2143 3559 2231 3614 διὰ
2262 3561 2477 3614 τούτων
2498 3560 2823 3629 κρατύνεται
2858 3560 3040 3613 αὐτῶν

685 3648 772 3696 καὶ
807 3643 1125 3698 ἐπιτελεῖται
1157 3646 1224 3698 τὸ
1257 3647 1369 3697 πᾶν
1403 3648 1582 3715 ἔργον,
1618 3649 1805 3713 κοινήν
1849 3665 1909 3698 τε
1955 3645 2266 3700 συντέλειαν
2299 3661 2535 3700 ποιεῖται
2568 3645 2700 3716 πρὸς
2732 3645 2836 3711 τὴν
2870 3648 3039 3717 θρησ-

685 3735 856 3791 κείαν,
890 3734 979 3782 καὶ
1012 3728 1115 3796 τὴν
1158 3736 1451 3783 κοινωνίαν
1485 3729 1772 3784 ἀδιάλυτον
1816 3730 2063 3795 ἐμπλέκει
2096 3732 2197 3799 τὴν
2232 3731 2506 3804 ἱερατικὴν
2538 3732 2677 3801 πρὸς
2698 3732 2825 3786 τοὺς
2862 3730 3037 3801 θεοὺς,

689 3814 754 3867 οὗ
797 3829 981 3884 χεῖρον
1033 3814 1144 3872 κτλ.
1237 3817 1353 3885 Quo
1403 3818 1518 3874 loco
1570 3818 1816 3873 Pseudo·
1830 3818 2152 3887 Dionysium
2208 3818 2631 3889 Areopagitam,
2692 3819 2760 3873 de
2819 3817 3040 3873 caelesti

685 3902 990 3958 hierarchia
1021 3904 1109 3958 111
1144 3904 1200 3969 1,ν
1232 3904 1262 3956 1
1309 3919 1469 3958 usum
1504 3919 1623 3959 esse
1657 3903 2055 3960 demonstravit
2100 3904 2264 3974 Hugo
2298 3905 2451 3959 Koch
2486 3902 3041 3971 Pseudo-Dionysius

685 3988 1020 4057 Areopagita
1052 3989 1116 4043 in
1139 3987 1323 4044 acinon
1345 3988 1724 4058 Beziehunqen
1743 4005 1873 4043 zum
1895 3988 2389 4059 Ncuplatonismue
2412 3988 2530 4043 und
2557 3987 3041 4059 Mysterienwcsen

688 4072 1099 4145 (Forschunycn
1144 4091 1244 4128 zur
1289 4073 1640 4129 christlichen
1684 4074 2026 4129 Litteratur-
2072 4075 2191 4130 und
2236 4074 2799 4145 Doymenyeschichte,
2849 4075 2880 4129 Ι
2921 4074 3040 4144 Bd.,

685 4157 734 4213 2.
770 4160 883 4214 und
918 4159 966 4212 3.
1003 4160 1153 4227 Heft,
1189 4160 1370 4215 Mainz
1408 4160 1562 4229 1900)
1603 4176 1655 4228 p.
1694 4160 1811 4214 179.

854 4244 880 4278 ⁹
912 4245 1357 4316 Intellegentiam
1391 4246 1612 4301 deorum
1647 4252 1712 4301 ut
1747 4252 2071 4315 assequatur
2105 4246 2223 4314 ipse
2257 4246 2403 4315 petit
2435 4245 2495 4300 in
2528 4246 2638 4301 fine
2671 4245 2816 4301 libri.

828 4329 875 4362 ¹⁰
909 4330 1065 4386 Galei
1098 4338 1185 4386 est
1217 4330 1394 4387 versio
1426 4331 1619 4387 latina.
