3509 5067
463 360 574 450 49]
802 361 1030 417 Veteres
1065 358 1371 428 philosophi
1404 359 1668 427 quomodo
1703 358 2071 414 iudicaverint
2105 359 2173 414 de
2208 358 2456 428 precibus
2728 362 2813 428 49

447 552 524 600 re
566 531 900 598 efficacius
931 529 1222 597 homines
1254 529 1364 595 dei
1393 529 1811 596 clementiam
1844 528 2107 610 assequi
2145 547 2341 610 quam
2372 530 2751 611 precatione
2774 531 2817 597 ¹.

448 634 632 701 Fieri
654 652 844 716 posse
862 639 938 699 ut
954 631 1370 714 precationes
1389 631 1851 713 exaudiantur,
1879 633 2330 698 demonstrare
2354 636 2646 714 conatur,
2668 651 2813 699 cum

450 735 611 803 dicit
635 738 789 803 deos
813 736 1015 802 etiam
1039 733 1182 800 sine
1211 734 1484 801 auribus
1508 732 1840 813 oculisque
1861 738 2209 815 precantes
2234 732 2466 801 audire
2497 738 2567 800 et
2589 735 2815 802 videre

449 857 651 921 posse,
669 857 814 904 cum
829 835 1128 903 omnibus
1144 835 1428 918 negotiis
1451 835 1769 902 intersint
1785 838 1871 917 et,
1885 854 2333 917 quaecumque
2349 836 2503 903 boni
2524 837 2816 903 homines

449 947 677 1025 agant,
733 939 1306 1021 comprehendant.
1391 938 1535 1004 Hoc
1578 936 1837 1018 quidem
1883 937 1962 1002 fit
2006 937 2075 1003 in
2119 938 2427 1020 opusculo
2471 957 2816 1021 perperam

451 1045 541 1109 ad
584 1041 1021 1109 Iamblichum
1061 1039 1292 1121 relato,
1333 1039 1439 1105 cui
1483 1057 1719 1105 nomen
1764 1043 1870 1105 est
1913 1039 2023 1106 De
2066 1040 2474 1122 mysteriis
2514 1042 2814 1125 Aegyp·

453 1145 764 1211 tiorum
794 1142 916 1210 lib
936 1161 1053 1224 er,
1074 1142 1110 1206 I
1134 1160 1185 1207 c.
1212 1142 1293 1208 15
1315 1142 1360 1224 Β,
1381 1143 1554 1222 quod
1585 1146 1653 1208 et
1678 1142 1965 1208 hocloco
1990 1146 2058 1207 et
2082 1142 2233 1208 aliis
2261 1142 2695 1210 Iamblichum
2716 1163 2816 1211 se-

454 1246 568 1328 qui
590 1245 857 1316 videtur
877 1245 920 1311 ⁸.
949 1245 1314 1326 Scrupulos,
1329 1262 1491 1325 quos
1512 1245 1921 1327 Porphyrius
1946 1244 2017 1310 in
2032 1245 2320 1326 epistula
2336 1247 2421 1311 ad
2437 1245 2817 1313 Anebonem

452 1348 661 1415 libere
703 1350 783 1414 de
827 1346 1148 1430 religione
1193 1347 1379 1430 vulgi
1423 1345 1756 1429 professus
1812 1352 1978 1430 erat,
2035 1346 2334 1414 refutare
2379 1348 2526 1415 vult
2569 1355 2817 1416 auctor.

452 1451 850 1517 Affirmatur
876 1449 1087 1533 igitur
1114 1449 1283 1516 libro
1315 1452 1469 1515 deos
1503 1451 1589 1516 ab
1622 1449 1994 1517 hominibus
2024 1450 2337 1533 theurgia
2357 1468 2487 1516 non
2518 1451 2666 1534 cogi
2696 1450 2817 1517 ali-

453 1552 612 1635 quid
655 1552 875 1619 facere
894 1553 938 1634 ⁴,
997 1554 1115 1618 sed
1171 1553 1547 1618 ostenditur
1606 1554 1874 1619 deorum
1934 1553 2254 1619 cultorem
2312 1572 2501 1620 suum
2546 1572 2817 1621 commo·

450 1674 606 1722 vere
648 1653 953 1736 animum,
1013 1659 1088 1720 ut
1138 1672 1210 1720 se
1269 1652 1535 1720 facilem
1594 1656 1921 1736 praebeat
1977 1656 2177 1721 rebus
2238 1655 2481 1722 divinis
2503 1658 2547 1721 ⁶.
2649 1657 2819 1722 Fere

452 1774 672 1823 omnes
716 1756 1071 1838 Porphyrii
1115 1755 1565 1822 dubitationes
1612 1757 2061 1824 discutiuntur
2080 1756 2125 1824 ⁶.
2228 1757 2509 1824 Nomina
2554 1760 2819 1825 deorum

451 1858 697 1925 mutari
761 1859 1090 1940 improbat
1155 1863 1418 1941 auctor,
1488 1878 1633 1926 cum
1701 1877 1832 1926 non
1881 1860 2220 1926 retineant
2293 1860 2427 1928 vim
2492 1860 2563 1926 in
2618 1859 2819 1927 alium

452 1980 811 2028 sermonem
857 1960 1204 2027 translata.
1293 1961 1574 2027 Nomina
1616 1962 1816 2029 anxie
1866 1963 2180 2031 observat
2222 1981 2437 2044 neque
2484 1968 2621 2029 toto
2665 1982 2813 2045 pec-

453 2070 613 2147 tore,
665 2069 811 2129 tota
854 2063 1277 2147 cogitatione,
1323 2065 1556 2130 ardore
1600 2064 1809 2131 animi
1851 2067 2177 2132 adductus
2222 2070 2570 2147 precatur,
2620 2064 2813 2132 immo

455 2170 533 2233 ut
568 2165 950 2233 Harlessius
974 2165 997 2202 ⁷
1042 2165 1236 2232 dicit:
1276 2166 1445 2230 Man
1481 2165 1665 2231 sicht:
1707 2188 1794 2231 an
1823 2167 1922 2231 die
1955 2166 2139 2232 Stelle
2165 2167 2274 2232 das
2308 2166 2529 2231 Gebets
2555 2169 2691 2231 tritt
2716 2167 2816 2232 die

454 2268 674 2350 Μαρία
745 2269 852 2333 des
929 2267 1137 2333 Worts
1150 2318 1168 2351 ,
1243 2268 1356 2333 der
1411 2268 1681 2334 Formel.
1786 2269 2193 2351 Quamquam
2260 2269 2447 2353 vulgi
2518 2272 2599 2335 de
2673 2269 2814 2335 deis

457 2370 870 2453 opinionibus
928 2390 1127 2453 saepe
1187 2371 1611 2454 assentiebat,
1672 2377 1896 2438 tamen
1955 2371 2158 2438 etiam
2202 2372 2813 2438 Pseudo-Iam-

453 2474 794 2540 blichus
852 2473 1287 2557 Porphyrium
1369 2492 1651 2555 sequens
1710 2493 2092 2556 persuasum
2139 2475 2433 2541 habebat
2476 2476 2627 2541 deos
2670 2493 2814 2541 esse

453 2575 851 2643 inflexibiles
916 2581 987 2642 et
1054 2576 1479 2644 sensibilibus
1544 2578 1742 2643 rebus
1823 2575 2387 2659 impermiscibiles
2403 2627 2420 2661 ,
2485 2577 2571 2643 ad
2652 2596 2814 2658 quos

454 2713 558 2765 den
579 2711 1014 2783 Ausfilhmmqen
1037 2710 1130 2767 des
1152 2711 1384 2766 Proclm
1419 2711 1554 2768 iiber
1575 2711 1724 2767 scine
1746 2712 2048 2767 Ansichten
2069 2727 2175 2767 von
2200 2711 2306 2766 den
2327 2713 2817 2783 untergeordneten

459 2798 712 2862 Gottem,
752 2839 765 2852 .
792 2839 805 2853 .
832 2839 844 2851 .
868 2796 988 2851 und
1019 2797 1155 2851 iiber
1200 2796 1302 2851 das
1342 2796 1513 2853 Gebet
1543 2797 1802 2868 (Proclus
1845 2797 1910 2852 in
1949 2798 2090 2853 Tim.
2129 2800 2200 2851 65
2209 2797 2289 2868 Ε)
2337 2797 2639 2853 abnehmm
2685 2797 2814 2863 tamt.

453 2882 570 2938 Hoc
587 2884 700 2937 loco
714 2882 937 2938 Proclus
954 2883 1292 2938 Tbeodorum
1313 2883 1495 2938 omnia
1506 2888 1731 2952 excepto
1749 2883 1922 2951 primo
1939 2883 2150 2951 precari
2169 2883 2373 2937 dixisse
2388 2883 2587 2939 refert:
2617 2881 2816 2935 Πάντα

452 2969 557 3036 γὰρ
594 2964 819 3029 εὔχεται,
854 2965 996 3032 πλὴν
1029 2969 1129 3020 τοῦ
1162 2966 1409 3035 πρώτου,
1444 2970 1602 3035 φησὶν
1648 2966 1678 3020 ὃ
1711 2970 1878 3038 μέγας
1906 2963 2195 3038 θεόδωρος.
2267 2968 2446 3023 Zeller
2480 2968 2636 3024 addit
2668 2969 2704 3023 l.
2741 2985 2814 3023 c.:

452 3053 594 3108 Dies
635 3052 798 3107 waiet.
824 3052 938 3121 auf
970 3052 1059 3107 die
1092 3052 1339 3123 Amic-ht,
1375 3052 1486 3120 ἀαβ
1517 3053 1617 3108 das
1658 3053 1828 3109 Gebct
1861 3053 1950 3109 die
1996 3053 2309 3123 allyemeine
2353 3052 2684 3124 Redinyunq
2715 3054 2817 3123 fiir

454 3137 542 3192 die
575 3138 941 3209 Vermittlwnq
963 3138 1056 3194 des
1078 3138 1589 3209 Zusammenhanys
1621 3138 1886 3194 zwischem
1909 3138 2031 3193 dem
2054 3138 2286 3193 ludheren
2307 3155 2363 3193 u.
2387 3139 2510 3194 dem
2532 3138 2816 3208 niedrigern

452 3223 550 3294 sei,
581 3224 774 3278 womit
805 3223 924 3278 eine
969 3223 1241 3293 maqische
1274 3223 1627 3294 Auffassunq
1671 3223 1942 3280 desselben
1974 3239 2082 3278 von
2126 3223 2290 3280 aelbst
2331 3222 2628 3294 zuqeyeben
2658 3223 2816 3281 wird.

631 3310 651 3342 ¹
682 3309 907 3365 Proclus
941 3309 1009 3364 64
1027 3310 1097 3366 C:
1140 3308 1203 3362 Ὁ
1236 3305 1295 3360 δέ
1326 3329 1388 3380 γε
1423 3310 1578 3364 θεῖος
1611 3307 1912 3375 ’Idam-axos
1958 3350 1972 3363 .
2019 3351 2033 3365 .
2083 3351 2097 3364 .
2132 3305 2464 3376 παραδίδωσι
2499 3352 2514 3366 .
2550 3352 2564 3366 .
2610 3307 2713 3374 τήν
2759 3329 2818 3362 τε

453 3392 681 3460 δύναμιν
713 3394 805 3459 τῆς
838 3393 986 3459 εὐχῆς
1020 3397 1109 3447 καὶ
1141 3391 1243 3459 τὴν
1275 3392 1583 3459 τελειότητα
1620 3393 1947 3460 θαυμαστήν
1979 3414 2104 3446 τινα
2137 3398 2227 3463 καὶ
2259 3393 2503 3465 ὑπερφυῆ
2525 3398 2615 3446 καὶ
2635 3396 2817 3447 πᾶσαν

454 3479 861 3548 ὑπεραίρουσαν
895 3477 1098 3532 ἐλπίδα.
1171 3481 1238 3535 In
1271 3480 1615 3549 Protreptico
1649 3479 1754 3550 (ed.
1777 3479 2015 3550 Pistelli)
2049 3496 2101 3550 p.
2126 3480 2209 3550 14,
2233 3480 2302 3533 24
2314 3496 2430 3549 sqq.
2465 3480 2534 3535 de
2567 3480 2816 3550 precibus

454 3564 785 3619 lamblichus
819 3565 1067 3634 loquitur
1099 3567 1200 3620 hoc
1234 3565 1415 3622 modo:
1452 3558 1541 3616 Ἐν
1575 3562 1636 3630 δὴ
1672 3564 1886 3618 τούτοις
1920 3567 2106 3635 (carm.
2141 3565 2308 3633 Pyth.
2344 3581 2461 3620 aur.
2497 3581 2587 3621 vv.
2610 3565 2817 3619 61-63

453 3649 697 3719 respicit)
747 3653 846 3714 μία
890 3652 995 3716 μὲν
1029 3649 1218 3715 ἀρίστη
1253 3647 1580 3720 παράκλησις
1627 3651 1701 3704 εἰς
1733 3649 1837 3713 ’τὴν
1868 3650 2034 3702 θείαν
2069 3642 2417 3714 εὐδαιμονίαν
2449 3648 2482 3712 ἡ
2516 3652 2816 3717 μεμιγμόνη

452 3747 569 3787 ταῖς
603 3731 776 3796 εὐχαῖς
804 3738 894 3785 καὶ
926 3732 1251 3799 ἀνακλήσεσι
1284 3736 1400 3786 τῶν
1435 3736 1590 3787 θεῶν
1622 3738 1715 3785 καὶ
1746 3731 1982 3799 μάλιστα
2016 3735 2116 3785 τοῦ
2152 3730 2410 3797 βασιλέως
2444 3727 2630 3785 αὐτῶν
2664 3733 2814 3791 Διός.

630 3818 654 3851 ²
688 3820 790 3875 Ed.
829 3820 1074 3888 Parthey
1110 3819 1261 3875 1857.
1573 3819 1595 3852 ⁸
1629 3821 1699 3877 V.
1734 3820 1914 3875 Zeller
1948 3820 2038 3875 ΠΙ
2072 3819 2106 3873 2
2140 3835 2193 3888 p.
2228 3819 2349 3889 699,
2383 3819 2445 3888 2;
2480 3818 2548 3874 cf.
2585 3819 2702 3875 715.

626 3903 654 4023 2
683 3905 844 4044 {1330
880 3906 1210 3962 sententiam
1243 3905 1582 3975 Porphyrius
1615 3905 2040 3975 improbaverat,
2075 3920 2159 3974 ep.
2195 3904 2267 3959 ad
2300 3904 2474 3960 Aneb.
2507 3920 2553 3960 c.
2588 3905 2639 3960 5.

630 4074 655 4108 ⁶
687 4075 865 4131 Zeller
899 4076 988 4131 111
1021 4075 1056 4129 2
1090 4092 1143 4145 p.
1179 4076 1308 4132 72οε
1343 4074 1658 4145 Allerdinqs
1690 4074 1835 4129 sind-
1856 4073 1944 4130 die
1968 4074 2442 4144 philosophiachen
2470 4074 2702 4131 Gm‘mde
2734 4074 2820 4131 bei

457 4158 572 4213 ihm
604 4176 717 4214 nur
751 4160 871 4215 eine
905 4160 1311 4231 nachtrc‘iqliche
1346 4161 1535 4217 Stiitze
1567 4160 1669 4229 fw-
1712 4146 2177 4230 U'berzeuqunqen,
2225 4158 2313 4214 die
2359 4158 2478 4215 ihm
2525 4176 2625 4216 vor
2658 4161 2818 4217 altem

401 4271 406 4276 ·
463 4242 734 4299 Gfl‘ae‘nden
766 4243 1078 4313 feststehe‘n.
1149 4246 1231 4303 Cf.
1266 4246 1537 4317 imprimis
1571 4245 1677 4325 lib.-
1703 4247 1770 4302 de
1804 4252 1970 4314 myst.
2004 4245 2087 4302 IV
2121 4245 2203 4301 11.

633 4330 656 4361 ⁷
689 4330 817 4385 Das
847 4330 1010 4385 Buch
1043 4346 1150 4385 von
1184 4330 1291 4386 den
1325 4330 1685 4402 c'z'qyptiechen
1720 4330 2031 4401 Mysterien
2064 4346 2117 4401 p.
2154 4331 2239 4387 75.

559 4429 1196 4487 Religionsgeschichtliche
1222 4432 1466 4480 Versuche
1489 4443 1539 4478 u.
1567 4432 1892 4479 Vorarbeiten
1916 4431 1995 4479 IV.
2475 4417 2510 4470 4
2537 4463 2540 4466 1
