3509 5067
652 294 737 359 22
1557 284 1825 341 Henricus
1859 284 2103 340 Schmidt
2895 286 3009 374 [22

649 461 856 547 ychen.
944 459 1094 542 Dass
1148 458 1275 523 dies
1333 478 1461 521 nur
1516 459 1648 521 eine
1706 453 2001 520 unwahre
2042 454 2533 540 Aaihequemuny
2589 476 2676 519 an
2733 456 2835 521 die
2887 457 3008 521 all-

649 564 924 649 yemeiue
964 560 1272 643 Meimmq
1312 578 1580 645 yewesen
1622 560 1709 623 sei
1735 609 1753 625 .
1782 610 1798 625 .
1827 608 1861 641 .,
1902 560 1988 623 ist
2024 559 2220 640 yewiss
2258 559 2358 621 ein
2404 558 2797 640 unqeroehter
2851 557 3005 623 Vor-

656 666 842 746 wurf.
950 665 1198 730 Tamen
1266 666 1447 730 certe
1503 661 1850 728 nonnullas
1905 660 1976 725 in
2034 660 2207 726 hanc
2264 659 2663 727 sententiam
2713 660 3006 728 rationes

655 766 880 835 afferri
920 784 1112 849 posse
1153 764 1285 833 iam
1327 764 1716 832 videbimus.

827 868 1080 951 Epi-leur
1122 868 1394 953 leuynetc
1435 869 1546 932 wie
1588 867 1687 931 die
1730 866 1944 931 Gotter
1991 866 2095 929 des
2147 864 2621 947 Volksylaubens
2640 866 2682 948 ¹,
2738 884 2807 930 so
2847 867 3007 931 auch

656 973 754 1038 die
824 972 1185 1055 Damonem,
1251 972 1364 1035 mit
1444 969 1557 1034 der
1634 969 1995 1050 Vorsehuny
2014 968 2041 1005 Β
2111 967 2270 1032 auch
2347 967 2447 1032 die
2523 966 2600 1032 N
2593 968 3008 1053 otwendiykeit

653 1076 762 1141 des
806 1075 1019 1140 Gebets
1077 1074 1322 1159 (Zeller
1365 1073 1472 1140 ΠΙ
1517 1075 1552 1139 1
1599 1092 1662 1154 p.
1704 1071 1875 1158 429).
1963 1071 2277 1137 Homines
2319 1075 2391 1137 et
2432 1072 2742 1138 mundum
2785 1089 2829 1138 a
2869 1071 3007 1137 deis

654 1178 922 1263 neglegi
963 1178 1293 1260 Epicurus
1350 1177 1556 1260 docet,
1602 1174 1771 1242 nihil
1813 1175 1909 1242 eis
1953 1192 2147 1240 curae
2192 1192 2355 1257 esse,
2397 1174 2586 1241 nulla
2628 1193 2703 1240 re
2746 1192 2856 1241 eos
2897 1175 3008 1241 ob·

656 1280 847 1358 tundi
866 1281 910 1348 ⁸.
1009 1281 1125 1347 Sin
1170 1285 1394 1347 autem
1452 1298 1526 1345 re
1567 1297 1729 1346 vera
1775 1278 1915 1345 deis
1957 1296 2104 1344 cum
2145 1276 2515 1343 hominibus
2579 1277 2766 1343 nulla
2805 1276 3007 1343 inter-

657 1384 836 1450 cedit
861 1384 1053 1467 ratio,
1096 1382 1158 1449 si
1188 1383 1295 1450 dei
1325 1382 1694 1449 hominibus
1730 1400 1861 1448 non
1890 1379 2317 1462 prospiciunt,
2347 1379 2648 1463 efficitur,
2690 1384 2770 1446 ut
2808 1379 3009 1445 homi-

656 1504 774 1553 nes
818 1504 1045 1553 rursus
1087 1485 1229 1552 deis
1270 1504 1400 1551 non
1430 1484 1826 1565 sacrificent,
1869 1501 1995 1549 non
2035 1482 2424 1566 supplicent,
2467 1501 2612 1549 cum
2641 1481 2847 1550 omnis
2875 1482 3009 1548 cul-

657 1597 768 1654 tus
813 1587 1071 1654 inutilis
1115 1587 1206 1652 sit
1265 1591 1337 1652 et
1378 1603 1912 1668 supervacaneus
1933 1585 1977 1651 4.
2078 1585 2317 1668 Itaque
2375 1590 2556 1651 recte
2613 1586 2788 1667 apud
2831 1583 3006 1651 Cice-

831 1725 851 1755 ¹
884 1723 1057 1792 Vulgi
1091 1722 1367 1791 opiniones
1416 1722 1636 1777 deorum
1672 1721 1966 1780 secundum
2000 1721 2298 1789 Epicurum
2332 1720 2504 1777 falsae
2539 1726 2669 1777 sunt
2702 1717 3010 1790 (ὑπολήψεις

657 1805 900 1878 ψευδεῖς),
937 1825 990 1864 v.
1026 1807 1185 1878 Diog.
1221 1808 1286 1863 L.
1321 1809 1374 1862 X
1411 1806 1511 1861 123
1529 1824 1671 1876 sqq.;
1707 1807 1817 1863 Cic.
1853 1808 1921 1862 de
1955 1824 2007 1862 ιι.
2044 1808 2095 1862 d.
2129 1808 2160 1862 Ι
2197 1806 2278 1860 18.

834 1893 857 1925 ²
889 1894 1298 1949 Providentiam
1346 1894 1589 1949 divinam
1636 1909 1754 1950 esse
1799 1892 2148 1962 denegabant
2181 1893 2454 1962 Epicurei,
2502 1910 2554 1947 v.
2605 1894 2823 1963 Usener,
2858 1894 3008 1964 Epic.

659 1997 711 2049 p.
759 1979 863 2033 245
874 1996 987 2048 sqq.
1075 1980 1236 2048 Apud
1274 1979 1583 2035 Ciceronem
1629 1980 1697 2034 de
1752 1995 1805 2034 n.
1855 1980 1904 2033 d.
1950 1980 1981 2034 Ι
2028 1979 2063 2032 8
2108 1978 2351 2034 Velleius
2396 1978 2698 2046 Epicureus
2745 1977 3010 2048 πρόνοιαν

658 2066 957 2121 Stoicorum
980 2065 1290 2133 cavillatur,
1314 2081 1478 2134 qnam
1500 2080 1674 2118 auum
1693 2063 1993 2131 fatidicam
2015 2065 2275 2119 nominat.
2342 2064 2423 2119 Cf.
2447 2064 2805 2120 Plutarchum
2839 2064 3009 2135 (Epic.

657 2152 726 2207 fr.
749 2150 853 2206 394
871 2151 1003 2222 Ua),
1039 2152 1336 2207 secundum
1372 2166 1531 2219 quem
1567 2150 1916 2219 providentia
1949 2150 2018 2206 ab
2054 2149 2335 2218 Epicureis
2369 2166 2467 2219 per
2498 2150 2799 2206 ludibrium
2831 2151 3012 2216 μῦθος

657 2237 983 2308 vocabatur3
1031 2238 1096 2293 cf.
1135 2238 1230 2293 Us.
1275 2238 1343 2292 fr.
1378 2237 1496 2307 369,
1547 2236 1697 2307 Orig.
1745 2252 1791 2291 c.
1828 2236 1965 2291 Cels.
2002 2237 2031 2290 Ι
2069 2235 2135 2290 13
2167 2252 2222 2304 p.
2257 2235 2324 2289 12
2357 2236 2603 2305 Hoesch.,
2650 2236 2744 2292 Us.
2793 2237 2859 2291 fr.
2892 2234 3010 2289 364.

657 2323 1064 2379 Divinationem
1101 2339 1314 2392 quoque
1349 2323 1567 2379 omnino
1601 2322 1944 2392 improbabat
1978 2321 2263 2391 Epicurus,
2299 2322 2457 2391 Diog.
2494 2322 2558 2377 L.
2583 2322 2637 2377 X
2660 2322 2761 2375 125
2796 2322 2910 2391 (Us.
2944 2321 3012 2376 fr.

658 2408 810 2478 369):
846 2408 1114 2473 μαντικὴν
1148 2405 1193 2459 δ’
1218 2406 1437 2476 ἅπασαν
1474 2450 1485 2462 .
1523 2445 1538 2459 .
1576 2450 1588 2462 .
1625 2406 1855 2474 ἀναιρεῖ.

836 2493 858 2525 ³
893 2494 974 2548 Cf.
1005 2493 1114 2548 Cic.
1151 2494 1219 2548 de
1253 2509 1305 2547 n.
1342 2493 1394 2547 d.
1428 2495 1460 2547 Ι
1483 2493 1551 2546 16
1562 2509 1706 2561 sqq.;
1740 2492 1872 2547 ibid.
1908 2493 2085 2548 Vellei
2117 2492 2371 2562 Epicurei
2406 2493 2574 2548 verba
2608 2511 2652 2548 c.
2688 2493 2757 2547 19
2792 2493 2907 2561 (Us.
2943 2494 3010 2547 fr.

660 2579 812 2649 352);
854 2579 1106 2634 Lactant.
1154 2580 1221 2633 de
1271 2578 1357 2632 ira
1403 2579 1490 2633 dei
1527 2577 1608 2647 17,
1646 2578 1704 2647 13
1753 2593 1895 2646 quae
1942 2578 2142 2633 Seneca
2186 2578 2420 2647 Epicuro
2466 2579 2726 2635 adscribit
2772 2580 2839 2635 de
2893 2580 3010 2635 ben.

660 2664 743 2718 IV
776 2664 827 2730 4,
863 2663 924 2732 13
958 2664 1041 2719 IV
1075 2663 1158 2718 19.

832 2748 856 2780 ⁴
891 2749 971 2804 Cf.
1007 2765 1173 2818 supra
1207 2766 1259 2818 p.
1295 2751 1344 2818 9,
1382 2766 1506 2805 ann.
1543 2751 1592 2805 4.

835 2834 975 2891 Vide
1011 2840 1069 2890 et
1094 2836 1288 2892 Cottae
1322 2836 1636 2891 Academici
1671 2837 1854 2907 verba,
1892 2837 2002 2892 Cic.
2039 2838 2106 2892 de
2141 2854 2194 2892 n.
2230 2839 2280 2892 d.
2317 2839 2347 2893 Ι
2381 2838 2464 2906 41,
2500 2837 2629 2891 116:
2669 2838 2821 2907 Qme
2841 2853 3011 2907 porro

661 2919 838 2990 pietas
859 2919 1150 2991 videbitur,
1185 2937 1223 2975 a
1245 2937 1347 2990 quo
1371 2921 1515 2977 nihil
1538 2922 1849 2993 acceperis?
1884 2965 1896 2977 .
1937 2965 1949 2977 .
1987 2965 2000 2978 .
2036 2922 2146 2977 Est
2180 2966 2192 2978 .
2232 2965 2244 2977 .
2270 2922 2456 2992 pictas
2476 2922 2702 2978 iustitia
2722 2922 3012 2980 adversum

660 3004 821 3076 deon
856 3023 979 3061 eum
1014 3006 1209 3085 quibus
1243 3006 1378 3076 quid
1407 3011 1593 3077 potest
1623 3008 1782 3063 nobis
1816 3024 1927 3063 esse
1963 3007 2123 3078 iuria,
2160 3024 2284 3063 cum
2320 3008 2531 3063 homiui
2563 3008 2723 3065 nulla
2755 3024 2880 3063 cum
2914 3007 3011 3063 deo

663 3089 740 3144 sit
783 3092 1189 3146 communitas?
1270 3092 1557 3149 Sanctitas
1602 3096 1789 3148 autem
1835 3096 1916 3147 est
1959 3093 2191 3148 scientia
2237 3093 2584 3149 colendorum
2629 3093 2884 3161 deorum;
2916 3092 3014 3163 qui

662 3192 830 3244 quam
867 3175 930 3230 ob
961 3193 1079 3231 rem
1113 3176 1325 3232 colendi
1357 3177 1491 3248 siut,
1524 3195 1640 3233 non
1673 3179 1938 3249 intellego,
1985 3178 2137 3232 nullo
2173 3195 2270 3232 uec
2304 3181 2518 3248 accepto
2555 3178 2626 3232 ab
2658 3179 2734 3233 iis
2767 3195 2866 3233 uec
2898 3194 3014 3250 spe-

661 3263 789 3316 rato
823 3260 976 3316 bono.
1058 3262 1234 3329 Quam
1279 3263 1607 3319 sententiam
1655 3269 1713 3319 et
1761 3264 1954 3320 Cicero
1992 3264 2110 3333 ipse
2151 3264 2264 3319 suis
2313 3263 2474 3320 affert
2524 3264 2721 3332 verbis,
2769 3265 2836 3320 de
2869 3281 2925 3320 n.
2959 3265 3013 3318 d.

662 3347 693 3401 I
714 3347 776 3401 2:
814 3346 920 3402 Sin
954 3350 1140 3401 autem
1175 3346 1234 3401 di
1255 3364 1427 3417 neque
1459 3351 1693 3419 possunt
1722 3364 1826 3404 nos
1858 3349 2052 3404 iuvare
2085 3365 2182 3404 uec
2214 3349 2407 3404 volunt
2436 3366 2533 3404 nec
2568 3349 2791 3405 omniuo
2814 3353 3019 3405 curant

664 3448 759 3487 uec
792 3432 928 3502 quid
961 3450 1191 3499 agamus
1237 3433 1690 3490 animadvertunt
1729 3450 1829 3489 nec
1861 3438 1954 3502 est,
2003 3434 2146 3504 quod
2178 3434 2247 3489 ab
2281 3433 2358 3490 iis
2391 3433 2468 3490 ad
2513 3434 2801 3491 hominum
2843 3434 3016 3490 vitam

656 3535 988 3589 permanare
1024 3519 1232 3589 possit,
1292 3518 1427 3589 quid
1472 3522 1555 3574 est
1598 3519 1742 3588 quod
1787 3520 1931 3575 ullos
1975 3519 2063 3575 dis
2106 3519 2515 3576 immortalibus
2559 3520 2741 3575 cultus
2786 3519 3015 3576 honores

652 3622 901 3675 preces
958 3604 1353 3661 adhibeamus?
1434 3606 1514 3661 Cf.
1550 3606 1694 3661 Max.
1742 3606 1870 3675 Tyr.
1917 3607 2046 3662 diss.
2082 3607 2190 3676 XI3
2233 3606 2342 3663 Cic.
2390 3607 2459 3662 de
2499 3624 2553 3661 ιι.
2600 3607 2651 3661 d.
2699 3606 2729 3661 Ι
2762 3606 2846 3676 42,
2885 3605 3012 3662 123:

665 3690 818 3760 Quae
850 3691 999 3746 enim
1034 3707 1144 3746 esse
1169 3694 1356 3761 potest
1380 3691 1669 3763 sanctitas,
1704 3691 1758 3746 si
1791 3690 1851 3747 di
1873 3692 2118 3747 humana
2151 3708 2267 3746 nou
2301 3693 2541 3747 curant?
2573 3722 2643 3731 —
2676 3692 2791 3760 Quo
2813 3692 2874 3747 in
2895 3692 3014 3747 loco

661 3780 782 3833 tota
803 3782 977 3847 parte,
1013 3779 1080 3846 ἓξ
1104 3777 1393 3849 llo—124,
1430 3778 1625 3847 quibus
1649 3779 2055 3834 demonstratur
2075 3778 2375 3848 Epicurum
2407 3777 2730 3847 religionem
2764 3775 3014 3832 funditus

662 3861 963 3931 sustulisse,
995 3862 1344 3918 Posidonium
1379 3862 1618 3918 Stoicum
1651 3864 1831 3933 repeti
1866 3863 2107 3919 ostendit
2141 3863 2499 3919 Schmekel
2533 3862 2647 3916 Die
2669 3860 3015 3931 Philosoph'e

542 3978 547 3985 -
661 3944 758 4000 der
789 3947 1065 4001 mittleren
1100 3948 1235 4004 Stoa
1267 3965 1321 4017 p.
1357 3948 1613 4003 98-104,

832 4032 1087 4089 Fortasse
1110 4033 1429 4103 Hieronymi
1449 4049 1660 4103 quoque
1686 4034 1837 4089 locus
1860 4033 2153 4103 Epicureos
2175 4038 2387 4102 spectat
2419 4049 2602 4102 preces
2625 4033 3014 4103 impugnantes

663 4122 966 4184 (comment.
1000 4118 1058 4173 in
1095 4135 1177 4175 ev.
1212 4121 1410 4174 Matth.
1434 4120 1471 4174 l.
1499 4120 1530 4174 Ι
1554 4135 1670 4188 cap.
1705 4120 1753 4190 6,
1793 4119 1998 4174 Patrol.
2033 4118 2133 4173 lat.
2170 4122 2210 4174 t.
2234 4118 2432 4187 XXVI,
2468 4119 2550 4174 ed.
2573 4117 2798 4188 Migne).
2867 4117 3016 4173 Dicit

663 4201 809 4257 enim
842 4202 1229 4271 Hieronymus:
1279 4203 1578 4275 Consurgit
1609 4203 1673 4259 in
1708 4203 1807 4259 hoc
1846 4203 1960 4259 loco
1994 4202 2262 4273 quaedam
2296 4202 2533 4257 haeresis
2558 4201 3016 4273 philosophorum

661 4303 868 4358 quoque
913 4287 1162 4357 (annotat
1195 4289 1407 4359 Migue:
1442 4288 1850 4359 Epicureorum
1891 4289 2023 4343 haec
2062 4288 2184 4357 fuit
2226 4288 2507 4359 aryutatio
2552 4290 2658 4343 aut
2691 4287 2885 4357 potius
2929 4304 3016 4342 vc-
