3509 5067
492 365 601 452 11]
840 365 1068 419 Veteres
1103 363 1407 432 philosophi
1443 363 1704 431 quomodo
1739 362 2111 419 iudicaverint
2145 363 2212 419 de
2246 363 2501 433 precibus
2774 367 2852 430 11

660 535 816 601 Pla
832 538 914 602 to
945 536 1138 600 deum
1166 535 1405 600 bonum
1438 536 1509 598 et
1537 532 1787 599 iustum
1833 551 1977 600 esse
2013 551 2402 615 persuasum
2445 534 2742 602 habebat
2783 541 2862 602 ut

491 640 812 705 Socrates,
900 636 1115 703 Deum
1158 653 1304 702 esse
1348 653 1470 717 per
1511 653 1583 701 se
1621 633 1927 719 intellegi
1969 640 2191 718 putat3
2239 637 2412 718 quod
2456 636 2570 718 qui
2613 641 2861 721 negent

491 740 682 824 quasi
724 740 796 806 in
825 740 1122 807 morbum
1159 737 1470 804 incidisse
1499 737 1755 804 iudicat
1797 736 2029 823 (Legg.
2060 738 2188 804 887
2210 738 2269 804 B
2298 739 2493 825 sqq.):
2536 738 2606 805 hi
2636 757 2857 820 qnam-

491 862 687 926 quam
731 862 773 909 a
817 840 1137 925 parvulis,
1183 839 1343 922 quid
1385 857 1610 907 verum
1658 838 1767 923 sit,
1833 838 2111 906 audiant
2168 844 2238 906 et
2296 845 2613 923 parentes
2656 840 2859 909 sacri·

489 945 769 1012 ficantes
799 949 871 1011 et
898 947 1250 1026 precantes
1280 942 1570 1026 videant,
1613 960 1743 1008 non
1773 941 1907 1009 vim
1938 944 2010 1008 et
2038 947 2348 1009 naturam
2381 961 2523 1010 esse
2567 944 2858 1010 divinam

492 1048 924 1114 arbitrantur.
1028 1045 1282 1112 Deinde
1339 1062 1561 1111 omnes
1618 1050 1871 1129 genteS,
1931 1048 2000 1110 et
2044 1044 2334 1112 Graecos
2390 1050 2462 1112 et
2518 1047 2858 1127 barbaros

491 1152 648 1217 deos
691 1149 999 1217 venerari
1042 1147 1349 1215 ostendit.
1436 1147 1624 1230 Quod
1670 1146 1784 1229 qui
1829 1149 1984 1214 deos
2028 1165 2173 1215 esse
2214 1152 2480 1233 negent,
2523 1148 2748 1217 videre
2791 1156 2860 1217 et

491 1251 724 1319 audire
767 1251 1051 1334 possint:
1098 1248 1546 1331 ἀνατέλλοντός
1585 1271 1655 1314 τε
1682 1247 1864 1332 ἡλίου
1905 1249 2018 1313 καὶ
2047 1248 2305 1336 σελήνης
2347 1250 2458 1315 καὶ
2499 1249 2670 1337 πρὸς
2711 1249 2858 1315 δυσ-

494 1354 625 1436 μὰς
668 1352 892 1419 ἰόντων
932 1351 1388 1441 προσκυλίσεις
1427 1351 1564 1434 ἅμα
1602 1351 1712 1415 καὶ
1755 1352 2222 1438 προσκυνήσεις
2264 1350 2600 1442 ἀκούοντές
2638 1375 2710 1418 τε
2751 1354 2863 1418 καὶ

493 1455 762 1542 δρῶντες
782 1459 804 1495 ¹
877 1455 1180 1542 Ἑλλήνων
1239 1454 1350 1519 καὶ
1409 1456 1755 1541 βαρβάρων
1830 1457 2091 1519 πάντων
2149 1451 2216 1519 ἐν
2272 1465 2645 1543 συμφοραῖς
2699 1476 2859 1521 παν-

489 1561 702 1635 τοίαις
742 1558 1059 1639 ἐχομένων
1100 1556 1210 1621 καὶ
1261 1553 1329 1621 ἐν
1372 1557 1773 1643 εὐπραγίαις,
1838 1556 1957 1638 οὐχ
2011 1557 2102 1636 ὡς
2155 1556 2272 1623 οὐκ
2328 1556 2529 1623 ὄντων
2571 1558 2710 1622 ἀλλ’
2770 1557 2863 1635 ὣς

491 1660 593 1726 ὅτι
631 1660 909 1744 μάλιστα
953 1657 1150 1724 ὄντων
1192 1659 1304 1724 καὶ
1349 1657 1598 1744 οὐδαμῇ
1642 1646 1942 1745 ὑποψίαν
1985 1658 2358 1725 ἐνδιδόντων
2405 1660 2496 1738 ὡς
2556 1660 2671 1726 οὐκ
2732 1657 2860 1727 εἶσὶ

489 1766 658 1830 θεοί.
746 1763 1187 1830 Nihilominus
1232 1763 1330 1830 eis
1388 1762 1503 1848 τὴν
1553 1761 1851 1827 διάνοιαν
1909 1761 2427 1849 διεφθαρμένοις
2468 1767 2725 1848 suadet,
2782 1770 2862 1833 ut

490 1870 671 1934 recte
729 1865 1026 1934 iudicent
1084 1868 1166 1931 de
1225 1864 1326 1932 dis
1371 1866 1527 1952 (888
1544 1867 1605 1932 A
1650 1866 1832 1952 sqq.),
1896 1885 2021 1948 quo
2079 1867 2219 1934 loco
2288 1865 2404 1931 δύο
2461 1869 2657 1953 πάθη
2708 1868 2862 1953 περὶ

490 1969 690 2045 θεοὺς
747 1968 1237 2052 significantur:
1311 1965 1385 2031 τὸ
1455 1968 1606 2046 τοὺς
1661 1969 1867 2044 θεοὺς
1933 1963 2098 2033 εἶναι
2154 1973 2308 2050 μέν,
2371 1968 2733 2057 φροντίζειν
2790 1968 2863 2034 δὲ

495 2069 675 2136 οὐδὲν
716 2081 843 2135 τῶν
902 2069 1298 2156 ἀνθρώπων,
1356 2069 1470 2135 καὶ
1525 2070 1600 2136 τὸ
1657 2070 1819 2153 μετὰ
1867 2080 2072 2156 τοῦτο,
2136 2071 2228 2149 ὡς
2272 2071 2685 2158 φροντίζουσι
2726 2075 2861 2156 μέν,

495 2173 1026 2259 εὐπαραμύθητοι
1071 2172 1129 2236 δ’
1174 2172 1300 2237 εἶσὶ
1332 2174 1589 2256 θύμασι
1633 2173 1745 2237 καὶ
1789 2172 2007 2253 εὐχαῖς
2025 2174 2069 2235 ².

668 2277 914 2343 Contra
943 2276 1160 2358 turpis
1190 2275 1525 2343 sententia
1557 2295 1798 2361 eorum,
1844 2277 1956 2358 qui
1990 2277 2350 2359 opinantur
2379 2278 2532 2344 deos
2562 2281 2631 2343 et
2658 2279 2861 2344 sacri-

494 2380 664 2446 ficiis
710 2384 780 2446 et
807 2379 1117 2461 precibus
1160 2377 1358 2446 facile
1389 2378 1568 2447 flecti
1597 2384 1669 2446 et
1697 2381 1780 2446 de
1811 2378 2081 2446 consilio
2114 2379 2464 2463 demoveri,
2488 2397 2552 2446 a
2580 2379 2861 2446 Platone

494 2480 1073 2550 vehementissime
1103 2482 1513 2565 impugnata,
1558 2486 1839 2565 apparet
1875 2482 1946 2548 in
1992 2480 2251 2566 dialogo
2295 2480 2566 2565 Theage
2594 2482 2861 2548 Platoni

497 2584 856 2669 supposito,
899 2584 971 2650 in
1015 2604 1143 2666 quo
1202 2584 1372 2651 alias
1430 2579 1687 2668 qnoque
1756 2605 1800 2651 a
1843 2585 2123 2652 Platone
2182 2589 2254 2651 et
2295 2585 2566 2653 Socrate
2608 2583 2862 2652 alienas

501 2687 836 2770 opiniones
908 2687 1288 2772 reperimus,
1356 2707 1521 2770 quas
1596 2687 1905 2755 Socrates
1969 2688 2076 2754 his
2140 2686 2301 2755 locis
2382 2687 2550 2755 satis
2614 2687 2861 2754 rustice

468 2791 796 2872 ‘probat-..³

669 2977 690 3009 ¹
727 2977 809 3032 ef.
845 2993 1013 3045 supra
1030 2994 1082 3047 p.
1107 2979 1138 3033 7
1165 2994 1290 3034 ann.
1316 2978 1352 3032 5
1373 2983 1433 3033 et
1453 2982 1749 3048 praecepta
1771 2976 1998 3033 Hesiodi
2021 2993 2106 3047 op.
2123 2975 2254 3032 338:
2284 2973 2499 3028 Ἀλλοτε
2522 2972 2581 3027 δὲ
2603 2973 2862 3043 σπονδῇσι

493 3060 690 3115 θύεσσί
720 3080 783 3114 τε
804 3058 1143 3123 ἱλάσκεσθαι,
1166 3060 1333 3133 Ιήμὲν
1368 3061 1449 3114 ὅτ’
1475 3059 1672 3129 εὐνάζῃ
1696 3065 1790 3115 καὶ
1823 3059 1959 3114 ὅταν
1988 3060 2125 3131 φάος
2148 3060 2299 3127 ἱερὸν
2321 3058 2476 3127 ἔλθῃ.
2531 3062 2612 3117 Cf.
2637 3062 2697 3117 C.
2721 3061 2862 3117 Aus-

493 3147 621 3217 feld,
657 3148 694 3203 l.
731 3165 776 3204 e.
812 3164 866 3218 p.
901 3148 1034 3217 509;
1068 3148 1131 3204 L.
1168 3147 1481 3204 Schmidt
1513 3148 1627 3203 Die
1660 3147 1837 3203 Ethilc
1872 3147 1971 3202 der
2004 3147 2157 3202 alten
2195 3146 2547 3202 GriechenII
2579 3165 2632 3217 Ρ.
2655 3146 2743 3202 31.

665 3234 692 3266 ¹
727 3235 807 3289 Cf.
843 3234 992 3304 legg.
1026 3233 1215 3290 885B:
1261 3229 1448 3289 Οὐδεὶς
1489 3233 1715 3286 πώποτε
1751 3230 1878 3286 οὔτε
1924 3235 2088 3303 ἔργον
2132 3232 2324 3301 α’σεβὲς
2368 3231 2658 3303 εἰργάσατο
2704 3231 2862 3294 ἑκών,

496 3316 621 3371 οὔτε
655 3317 820 3389 λόγον
852 3316 1058 3388 ἀφῆκεν
1090 3316 1323 3385 ἄνομον,
1358 3316 1495 3372 ἀλλὰ
1533 3322 1594 3371 ἓν
1627 3318 1692 3385 δή
1726 3339 1782 3372 τι
1816 3321 1931 3372 τῶν
1963 3320 2138 3389 τριῶν
2181 3316 2422 3382 πάσχων,
2456 3314 2492 3385 ἢ
2525 3318 2690 3371 τοῦτο
2724 3316 2861 3388 ὅπερ

496 3402 655 3456 εἷπον
687 3403 822 3474 (scil.
856 3404 1025 3460 θεοὺς
1051 3402 1211 3474 εἶναι)
1250 3404 1345 3468 οὐχ
1367 3404 1664 3475 ἡγούμενος
1708 3401 1740 3471 ἢ
1776 3404 1842 3458 τὸ
1866 3402 2124 3476 δεύτερον
2159 3405 2367 3476 (θεοὺς)
2402 3402 2566 3460 ὄντας
2600 3402 2664 3456 οὐ
2699 3424 2862 3474 φρον-

494 3491 662 3551 τίζειν
696 3487 1018 3558 ἀνθρώπων
1051 3486 1084 3556 ἢ
1117 3494 1308 3558 τρίτον
1336 3489 1829 3562 εὐπαραμυθήτους
1862 3488 2003 3543 εἶναι
2038 3493 2255 3546 θυσίαις
2287 3510 2349 3542 τε
2381 3493 2474 3541 καὶ
2496 3488 2669 3554 εὐχαῖς
2689 3508 2861 3560 παρα-

495 3575 772 3644 γομένους.
821 3575 949 3631 Sim.
967 3575 1133 3631 9051)
1146 3591 1260 3645 sqq.
1313 3578 1399 3632 De
1419 3577 1590 3647 impia
1612 3582 1780 3646 atque
1815 3576 2028 3633 nefaria
2059 3577 2171 3632 ista
2193 3577 2444 3646 opinione
2480 3575 2702 3631 deorum
2724 3575 2861 3631 dicit

493 3658 685 3715 907B:
722 3656 1037 3712 Κινδυνεύει
1059 3663 1162 3717 πᾶς
1185 3661 1217 3713 ό
1239 3661 1438 3728 ταύτης
1460 3664 1553 3728 τῆς
1585 3658 1736 3728 δόξης
1758 3660 2115 3729 ἀπεχόμενος
2147 3660 2373 3714 πάντων
2406 3656 2476 3713 ἂν
2497 3661 2614 3712 τῶν
2645 3658 2863 3726 ἀσεβῶν

494 3746 781 3813 κεκρίσθαι
815 3740 1128 3798 δικαιότατα
1159 3745 1405 3802 κάκιστός
1426 3767 1487 3800 τε
1509 3745 1652 3799 εἶναι
1683 3751 1775 3799 καὶ
1795 3744 2169 3815 ἀσεβέστατος.
2206 3747 2288 3802 Cf.
2312 3745 2539 3803 906GD.
2610 3746 2861 3802 Summae

495 3829 630 3886 mali
662 3830 948 3886 illecebrae
981 3831 1298 3888 nominatur
1333 3832 1515 3903 opinio
1549 3834 1688 3902 (Pol.
1722 3834 1905 3903 365E,
1941 3832 2245 3902 cf.36413):
2275 3830 2363 3886 Ὣς
2387 3832 2442 3883 οἱ
2464 3832 2596 3883 θεοί
2627 3831 2731 3882 εἰσι
2754 3828 2861 3882 οἷοι

495 3916 714 3970 θυσίαις
745 3935 807 3968 τε
827 3919 920 3967 καὶ
952 3911 1207 3979 εὐχωλαῖς
1238 3916 1468 3985 άγανῇσι
1503 3920 1587 3989 (11.
1609 3918 1695 3973 IX
1716 3918 1841 3987 499)
1876 3921 1965 3970 καὶ
1993 3915 2317 3983 ἀναθήμασι
2350 3915 2702 3986 παράγεσθαι
2735 3914 2864 3968 α’να-

494 3998 837 4068 πειθόμενοι.
909 4002 1053 4058 Vide
1085 4018 1254 4071 supra
1287 4020 1339 4073 p.
1377 4003 1438 4074 23
1488 4005 1555 4059 of.
1597 4004 1740 4073 qnod
1787 4004 1940 4075 legg.
1984 4002 2151 4058 9091)
2199 4001 2401 4058 dicitur
2446 4001 2514 4058 de
2558 4001 2758 4072 impiis,
2804 4009 2863 4057 et

495 4087 875 4156 Bernaysii
907 4088 1109 4144 librum
1149 4087 1563 4159 Theophrasto&
1601 4088 1825 4159 Schrift
1855 4089 1991 4144 iiber
2024 4087 2429 4159 Fro‘mmiqkeit
2459 4103 2513 4157 p.
2538 4086 2793 4142 185-86.

669 4172 694 4205 ³
725 4189 779 4230 V.
804 4173 1013 4245 Theag.
1042 4173 1166 4230 131:
1198 4171 1351 4241 Ἐμοὶ
1377 4176 1484 4242 μὲν
1499 4178 1686 4227 τοίνυν
1708 4171 1868 4246 δοκεῖ,
1904 4166 1953 4227 ὦ
1979 4171 2278 4244 Σώκρατες,
2311 4173 2450 4240 ἡμᾶς
2473 4170 2674 4226 οὑτωσὶ
2706 4175 2863 4238 ποιῆ-

496 4276 606 4318 σαι,
650 4255 1100 4328 ἀποπειραθῆναι
1142 4261 1245 4312 τοῦ
1289 4256 1573 4325 δαιμονίου
1617 4260 1818 4313 τούτου
1864 4259 2129 4315 συνόντας
2173 4251 2431 4325 ἀλλήλοις.
2477 4263 2566 4310 καὶ
2616 4258 2715 4312 ἐὰν
2757 4260 2854 4326 μὲι

494 4345 722 4410 παρείκῃ
755 4343 906 4412 ἡμῖν,
942 4347 1117 4398 ταῦτα
1150 4342 1430 4412 βέλτιστα·
1466 4347 1515 4397 εἰ
1547 4343 1606 4399 δὲ
1639 4346 1734 4414 μή,
1769 4344 1896 4399 τότε
1933 4342 2029 4412 ἤδη
2070 4348 2398 4419 παραχρῆμα
2431 4342 2846 4412 βουλευσόμεθα
