3509 5067
433 353 542 438 29]
785 351 1012 405 Veteres
1046 347 1348 417 philosophi
1387 348 1650 416 quomodo
1686 347 2053 404 iudicaverint
2088 349 2156 403 de
2191 349 2439 418 precibus
2711 352 2795 417 29

607 520 784 604 Quid
812 518 1230 587 Iuvenalis
1262 520 1343 585 de
1371 517 1866 600 precationibus
1897 519 2154 586 sentit?
2226 519 2589 602 Plerasque
2633 522 2799 589 stul·

434 632 543 692 tas
603 642 746 691 esse
804 624 1006 701 docet,
1054 621 1320 707 (1-55)
1340 672 1356 704 ,
1414 620 1791 688 hominibus
1848 623 2083 689 damno
2143 622 2473 704 exitioque
2495 625 2540 690 ¹.
2628 624 2797 690 Tum

436 746 605 810 quae
649 725 959 809 affirmat,
1006 724 1324 807 exemplis
1370 725 1824 790 demonstrare
1870 729 2145 790 conatur
2203 725 2554 812 (56—345)
2614 729 2684 792 et
2726 726 2797 792 in

435 830 621 897 exitu
679 828 932 895 satirae
975 826 1268 894 homines
1311 828 1720 909 adhortatur,
1775 845 1860 893 ne
1905 825 2046 893 deis
2092 828 2571 912 praescribant,
2629 846 2797 909 quae

435 934 612 1016 dent,
656 933 769 998 sed
818 949 891 997 se
936 929 1355 997 committant
1395 928 1645 995 auxilio
1692 931 1961 996 deorum
2002 930 2386 1018 (346—48):

439 1101 559 1157 adis
605 1102 659 1157 V
707 1101 805 1154 127
867 1100 954 1170 (cf.
990 1100 1167 1156 'XVII
1212 1097 1463 1167 643sqq.)
1511 1098 1869 1168 respondent,
1935 1115 2097 1167 quem
2154 1100 2322 1155 etiam
2368 1100 2679 1156 Alcibiades
2723 1101 2798 1157 II.

437 1205 491 1257 p.
528 1186 752 1242 150DE
799 1186 1034 1255 respicit.
1120 1185 1354 1240 Auctore
1399 1199 1614 1253 quoque
1649 1183 1952 1239 Alcibiadis
1986 1185 2061 1240 H.
2111 1185 2405 1242 Iuvenalis·
2435 1202 2545 1242 non
2579 1186 2801 1242 videtur

438 1288 573 1327 usus
607 1288 740 1334 esse,
793 1271 863 1326 cf.
911 1270 1320 1326 Friedlaender:
1366 1269 1516 1324 Eine
1562 1268 1768 1324 direkte
1802 1269 2133 1341 Benutzunq
2177 1271 2353 1326 dieser
2386 1271 2550 1327 Stelle
2597 1271 2673 1326 ist
2716 1271 2801 1326 bei

438 1357 675 1412 Iuvenal
707 1356 865 1410 nicht
895 1355 1289 1424 anzunehmen,
1326 1354 1399 1409 da
1421 1371 1481 1409 er
1512 1355 1630 1410 sich
1663 1358 1823 1411 sonst
1841 1355 2106 1426 nirqends
2137 1373 2243 1411 von
2266 1356 2388 1412 dem
2414 1356 2800 1427 platonischen

439 1443 648 1512 Dialoq
692 1441 966 1512 abhanqiq
1008 1441 1165 1510 zeiyt,
1209 1440 1329 1495 und
1372 1440 1461 1495 die
1494 1439 1860 1512 Anwenduny
1910 1440 2007 1496 der
2041 1442 2332 1512 Metaphcr
2375 1459 2480 1498 von
2528 1442 2625 1498 der
2658 1442 2802 1497 Ent-

436 1528 679 1598 fcrnunq
712 1527 805 1582 des
837 1528 944 1581 den
985 1527 1144 1583 Geist
1187 1526 1577 1582 umhu’llenden
1610 1526 1807 1582 Nebels
1853 1528 2021 1582 sehon
2055 1527 2169 1595 auf
2201 1527 2404 1583 Gmmd
2437 1528 2536 1583 der
2570 1529 2802 1584 Homer-

438 1613 590 1668 stelle
635 1613 817 1682 hdufi'y
872 1628 1110 1683 qewesen
1166 1611 1285 1666 sein
1333 1615 1477 1678 muss.
1570 1612 1705 1668 Mihi
1750 1618 1971 1681 praeter
2030 1614 2126 1668 hos
2185 1614 2333 1669 solus
2379 1630 2521 1670 unus
2567 1614 2803 1670 occurrit

438 1700 585 1753 locus
608 1698 953 1768 Homericus3
989 1697 1299 1767 Simplicius
1335 1698 1479 1753 enim
1514 1698 1573 1753 in
1595 1699 1841 1768 Epicteti
1875 1699 2173 1755 enchiridio
2209 1707 2451 1756 extremo
2487 1700 2588 1755 hac
2621 1700 2803 1756 utitur

438 1784 794 1839 translatione
828 1783 1052 1838 Homeri
1085 1783 1333 1839 versibus
1366 1783 1624 1839 laudatis.
1674 1814 1741 1824 —
1778 1785 1998 1840 Maioris
2035 1800 2150 1840 esse
2184 1786 2446 1841 momenti
2479 1786 2611 1841 haec
2647 1785 2801 1841 vide·

441 1876 536 1925 tur
569 1869 897 1925 similitudo:

643 1972 974 2028 Valerius
1008 1972 1364 2027 Maximus,

442 2075 519 2129 At
574 2073 704 2129 haec
766 2074 1075 2145 (coniugia)
1140 2078 1209 2129 ut
1274 2074 1572 2143 aliquando

440 2160 739 2229 illustrant,
763 2159 850 2214 ita
871 2176 1287 2228 nonnumquam
1307 2159 1574 2227 funditus

444 2245 632 2301 domos
666 2248 931 2300 evertunt.

1957 1974 2325 2031 Iuvenalis
2362 1975 2513 2030 7—8.

1668 2247 1935 2304 Evertcre
1969 2245 2157 2300 domos
2195 2248 2341 2302 totas
2371 2247 2691 2317 optantibus
2719 2248 2805 2317 ip·

612 2416 821 2471 Similia
859 2416 1208 2487 Pythagorae
1254 2412 1423 2472 verba
1470 2421 1602 2473 sunt
1636 2331 1794 2471 lffitgd'.
1820 2329 2107 2486 (ζίοΐαὲξῗ
2142 2416 2178 2470 8
2212 2418 2282 2472 de
2322 2416 2482 2472 rebus
2534 2434 2671 2486 quas
2706 2435 2801 2487 op-

443 2506 596 2556 tant:
657 2500 877 2553 Τούτων
911 2503 1142 2553 &aaaron
1184 2499 1335 2556 τοὺς·
1350 2544 1363 2557 .
1402 2542 1416 2556 .
1454 2544 1466 2556 .
1502 2501 1761 2564 τυχόντας
1793 2514 1907 2555 τοῖς
1941 2497 2083 2555 ὅλοις
2117 2499 2459 2573 ἀνατρέπειν.
2529 2503 2632 2558 His
2671 2503 2805 2559 locis

442 2601 549 2641 non
596 2586 772 2641 solum
812 2586 1144 2656 sententiae,
1205 2587 1302 2642 sed
1347 2587 1518 2642 etiam
1564 2586 1734 2642 verba
1780 2603 1844 2641 ac
1890 2586 2114 2642 litterae
2161 2603 2229 2642 ex
2273 2593 2432 2656 parte
2477 2595 2805 2659 congruunt.

444 2673 652 2727 Tamen
686 2671 807 2727 fieri
836 2672 1036 2742 potuit,
1071 2677 1139 2727 ut
1174 2672 1451 2728 Iuvenalis
1474 2672 1758 2728 Valerium
1782 2671 2084 2729 Maximum
2118 2688 2227 2727 non
2260 2673 2515 2729 imitatus
2537 2674 2629 2745 sit,
2664 2676 2808 2742 quod

446 2757 523 2812 eis
557 2772 769 2825 quoque
804 2773 944 2825 quae
978 2763 1283 2826 sequuntur
1316 2759 1483 2814 valet.

647 2860 985 2916 Valerius
1015 2861 1370 2915 Maximus.
2044 2859 2434 2916 Iuvenalis

2469 2996 2717 3065 pericula

444 3046 693 3114 fuerunt,
713 3047 943 3104 honores
959 3048 1312 3119 concupiscis,
1339 3048 1435 3117 qui
1453 3065 1578 3104 con-
1677 3047 1949 3102 133—187
2018 3048 2285 3102 honorum
2394 3086 2805 3138 enumerantur·

440 3131 632 3202 plures
646 3149 871 3203 pessum
896 3133 1178 3204 dederunt,
1204 3151 1378 3204 reqna
1403 3137 1578 3189 tecum
1706 3131 1875 3186 56—1
1883 3132 1950 3187 13
2019 3148 2312 3203 regnorum

451 3217 577 3288 ipsa
634 3218 802 3274 volvis
815 3262 828 3285 ‚
886 3236 1121 3288 quorum
1167 3220 1349 3275 exitus
1393 3235 1578 3290 saepe·
2185 3252 2190 3258 -

452 3320 676 3359 numero
711 3303 1048 3360 miserabiles
1083 3308 1405 3361 cernuntur.

446 2960 697 3017 Divitias
732 2962 962 3032 adpetis,
1007 2979 1144 3031 quae
1179 2962 1372 3031 multis
1406 2961 1576 3018 exitio
1707 2962 1911 3017 12—17
2016 2961 2394 3200 divitiarum}

1706 3388 1950 3444 350—53
1972 3388 2092 3445 Nos
2112 3388 2433 3444 animorum
2463 3390 2473 3459 Ι
2501 3388 2732 3459 inpulsu
2756 3393 2811 3444 et

448 3473 746 3543 splendidis
780 3474 1053 3545 coniuqiis
1086 3474 1255 3530 inicis
1289 3492 1490 3531 manus
1626 3429 1632 3526 Ι
1673 3490 1837 3529 caeca
1871 3491 2178 3545 magnaque
2201 3474 2459 3545 cupidine
2482 3474 2661 3545 ducti!
2683 3491 2808 3530 con·

1626 3531 1632 3629 Ι
1669 3560 1891 3631 iuyium
1898 3560 2144 3630 petimus
2162 3563 2502 3630 partumque
2522 3561 2747 3617 umoris.
2763 3602 2776 3615 .
2793 3603 2805 3617 .

622 3645 773 3712 Quae
807 3646 1166 3716 congruentia
1201 3652 1260 3702 et
1292 3646 1593 3703 similitudo
1629 3662 1750 3702 mea
1786 3646 2006 3714 quidem
2032 3647 2308 3702 sententia
2331 3662 2399 3701 ex
2421 3662 2485 3701 eo
2517 3645 2678 3701 facile
2716 3660 2809 3700 ex-

446 3729 640 3798 plicari
671 3737 867 3803 potest,
905 3733 1046 3800 quod
1081 3733 1418 3802 precationes
1453 3738 1586 3789 sunt
1619 3732 1928 3788 cotidianae
1964 3739 2021 3789 et
2056 3748 2161 3787 usu
2194 3731 2378 3788 tritae.

621 3816 925 3873 Secundum
984 3821 1167 3873 autem
1214 3818 1576 3873 Fritzschium
1622 3818 1693 3873 ad
1727 3816 1962 3872 Luciani
2006 3817 2057 3872 N
2058 3817 2207 3887 avig.
2254 3817 2534 3873 Iuvenalis
2579 3816 2810 3872 eundem

447 3900 824 3971 philosophum
844 3902 1034 3958 ducem
1053 3903 1246 3959 habuit
1264 3920 1424 3972 quem
1443 3903 1714 3959 Maximus
1731 3902 1936 3971 Tyrius
1958 3902 2087 3959 diss.
2112 3903 2238 3957 XL:
2272 3901 2425 3958 Nam
2448 3905 2505 3957 et
2522 3901 2810 3957 Iuvenalis

448 3987 504 4039 et
522 3986 815 4043 Maximus
827 3987 1082 4058 primum
1105 3988 1304 4058 quibus
1312 3989 1571 4059 precibus
1594 3987 1985 4043 abstinendum
2006 3984 2086 4042 si‘t
2105 3986 2284 4041 verbis
2305 3986 2501 4042 docent
2523 3986 2808 4058 plurimis,

450 4073 568 4126 tum
613 4075 792 4128 autem
850 4073 999 4129 brevi
1045 4074 1297 4130 oratione
1341 4073 1435 4130 sed
1480 4090 1686 4145 maana
1720 4090 1846 4129 cum
1890 4074 1947 4128 vi
1993 4072 2220 4141 addumt,
2273 4089 2385 4143 qua
2428 4073 2548 4129 alia
2591 4073 2810 4129 ratione

439 4158 784 4224 precandum
819 4158 1197 4229 orandumque
1228 4160 1309 4215 sit
1341 4162 1397 4214 et
1428 4159 1492 4214 in
1527 4158 1674 4215 hanc
1711 4158 1894 4228 ipsam
1927 4158 2237 4214 doctrinam
2271 4157 2432 4214 ambo
2465 4158 2741 4215 desinunt.

621 4243 643 4275 ¹
678 4244 759 4300 Of.
808 4260 902 4301 vv.
952 4244 1116 4315 7—83
1162 4245 1353 4314 54sq.:
1401 4244 1760 4314 Supervacua
1806 4246 1913 4299 aut
1958 4243 2282 4315 perniciosa
2328 4247 2632 4315 potantum
2684 4244 2808 4302 Seu.

451 4325 518 4381 de
565 4327 685 4383 ben.
734 4329 820 4385 VI
865 4330 951 4401 27,
1000 4331 1060 4385 7:
1125 4330 1319 4388 Votum
1367 4331 1526 4386 tuum
1573 4332 1679 4385 aut
1734 4345 2134 4401 supervacuum
2178 4332 2264 4386 est
2304 4333 2409 4386 aut
2455 4329 2810 4386 iniuriosum.
