3509 5067
653 363 740 431 34
1564 359 1833 415 Henricus
1867 359 2111 416 Schmidt
2905 350 3031 451 [34.

655 539 727 599 ut
767 552 879 599 nos
919 532 1006 597 ad
1047 552 1268 597 aurem
1310 531 1655 614 simulacri,
1698 532 1886 615 quasi
1927 533 2133 615 mayis
2172 532 2465 597 exaudiri
2515 534 2843 619 possimus,
2903 535 3027 600 ad·—

655 639 898 703 mittat:
931 655 1128 719 prope
1169 639 1254 699 est
1296 655 1339 698 a
1380 640 1440 698 te
1481 625 1653 717 deus,
1696 639 1893 698 tecum
1936 639 2041 717 est,
2086 635 2256 698 intus
2299 640 2399 701 est.

825 739 983 806 Alia
1025 756 1245 820 causa,
1289 754 1423 818 (1113
1467 740 1821 802 commotus
1865 740 2074 819 optat,
2121 740 2196 803 ut
2238 738 2500 819 precari
2546 739 2860 806 omittant
2903 740 3026 807 ho·—

655 842 882 925 mines,
928 841 1093 907 haec
1136 843 1258 922 est,
1303 838 1474 920 quod
1517 838 1746 921 fatum,
1792 857 1917 919 quo
1961 838 2181 905 omnia
2223 844 2563 925 reguntur,
2606 840 3028 910 immutabile

657 949 763 1012 est
805 948 876 1010 et
917 945 1261 1009 aeternum
1307 945 1377 1009 et
1404 940 1836 1008 inexorabile.
1923 941 2135 1025 Quam
2179 942 2259 1009 ob
2290 960 2430 1009 rem
2472 961 2701 1025 preces
2741 943 3022 1011 inutiles

655 1052 723 1115 et
744 1063 1276 1129 supervacaneas
1300 1062 1444 1110 esse
1469 1043 1760 1110 affirmat
1780 1043 1822 1127 ¹,
1846 1063 1945 1126 ep.
1970 1045 2070 1127 77,
2096 1045 2208 1111 12:
2244 1044 2411 1125 Quid
2425 1045 2543 1129 fles
2562 1045 2596 1110 ,9
2617 1047 2770 1130 quid
2789 1052 2966 1128 optas
2983 1047 3032 1111 ,9

652 1148 868 1232 perdis
910 1167 1161 1230 operam
1177 1169 1199 1211 .·
1240 1145 1478 1212 Desine
1501 1147 1645 1227 fata
1686 1146 1874 1210 deum
1910 1145 2075 1229 flecti
2104 1166 2354 1228 sperare
2393 1149 2708 1229 precando
2728 1149 2772 1215 ².
2858 1150 3027 1216 Nat..

655 1257 910 1334 quaest.
938 1252 1012 1317 II
1040 1251 1142 1334 35,
1177 1252 1377 1316 1-22
1428 1248 1598 1330 Quid
1627 1268 1772 1332 erqo
1788 1255 1820 1312 ,9
1871 1251 2245 1331 expiationes
2268 1253 2858 1337 procurationesque
2895 1273 3032 1338 quo

651 1357 976 1438 pertinent,
1017 1355 1074 1418 si
1100 1352 1517 1417 immutabilia
1557 1357 1707 1417 sunt
1731 1353 1877 1433 fata
1895 1351 1929 1415 ,9
2013 1351 2309 1417 Permitte
2350 1352 2709 1419 miluinam
2736 1355 3015 1440 riqidam

652 1463 876 1523 sectam
898 1458 1062 1521 tueri
1087 1475 1318 1537 eorum,
1348 1457 1458 1540 qui
1478 1455 1793 1538 excipiunt
1812 1457 1939 1519 ista
1966 1461 2023 1520 et
2043 1454 2206 1521 nihil
2230 1475 2351 1520 esse
2372 1456 2553 1522 aliud
2571 1477 2763 1541 quam
2790 1478 3033 1543 acyrae‘

656 1562 879 1626 mentis
918 1560 1143 1624 solatia
1185 1559 1540 1623 emistimant
1560 1558 1603 1623 ⁸.
1703 1557 1876 1622 Fata
1915 1558 2403 1624 inrevocabiliter
2458 1561 2558 1623 ius
2599 1579 2789 1624 suum
2826 1580 3026 1643 pera--

649 1668 811 1749 yunt
853 1683 961 1727 nec
1004 1661 1138 1726 ulla
1181 1667 1632 1726 commoventur
1680 1681 1879 1742 prece.
1964 1660 2115 1725 Non
2174 1661 2599 1727 misericordia
2649 1661 2828 1745 flecti,
2889 1683 3015 1727 non

649 1767 862 1851 qratia
902 1765 1124 1831 sciunt.
1230 1762 1501 1828 Cursum
1557 1764 2021 1830 inrevocabilem
2063 1766 2349 1850 inqressa
2404 1786 2479 1829 ex
2535 1764 2837 1830 destinato
2888 1764 3026 1847 flu·—

653 1874 771 1933 unt
787 1868 834 1934 ⁴.
920 1867 1017 1935 Cf.
1059 1867 1303 1935 ibidem
1334 1886 1389 1933 c.
1421 1868 1536 1933 36:
1586 1867 1753 1948 Quid
1782 1870 1947 1932 enim
1975 1869 2274 1954 intellegis
2298 1870 2508 1950 fatum
2526 1867 2561 1932 ,9
2600 1870 2880 1933 existimo
2908 1890 3027 1934 ne«

651 1973 990 2037 cessitatem
1039 1990 1254 2035 rerum
1296 1972 1574 2034 omnium
1617 1972 2066 2056 actionumque,
2129 1990 2319 2057 quam
2363 1972 2545 2037 nulla
2586 1976 2680 2036 vis
2721 1978 2976 2053 rumpat
2992 1992 3031 2049 Γ

650 2074 811 2139 hanc
851 2075 911 2139 si
948 2071 1275 2155 sacrificiis
1316 2080 1429 2137 aut
1471 2074 1667 2154 capite
1705 2075 1914 2138 niveae
1957 2095 2159 2157 aynae
2200 2075 2452 2139 exorari
2493 2074 2755 2159 iudicas,
2796 2075 3014 2140 divina

653 2197 780 2242 non
823 2178 1004 2243 nosti.
1093 2174 1403 2257 Sapientis
1445 2196 1684 2261 quoque
1726 2178 1850 2241 viri
1874 2178 2236 2243 sententiam
2279 2179 2520 2260 neyatis
2541 2197 2716 2259 posse
2744 2178 2979 2241 mutari
2993 2198 3030 2241 r

657 2286 890 2366 quanto
935 2281 1135 2362 mayis
1176 2277 1278 2343 dei
1294 2277 1328 2343 ,9
1347 2278 1375 2316 ⁵

821 2381 1124 2449 Vidimus
1154 2380 1472 2448 Senecam
1502 2400 1723 2449 omnes
1753 2400 1985 2465 preces
2029 2387 2098 2450 et
2126 2383 2345 2449 omnia
2373 2402 2567 2450 sacra
2609 2384 3032 2466 repudiasse?

654 2485 814 2567 quin
836 2485 1038 2552 etiam
1060 2489 1488 2566 aspernatum
1513 2503 1674 2568 esse,
1704 2503 1851 2552 cum
1874 2490 1945 2552 et
1966 2485 2279 2568 indignae
2301 2490 2524 2553 essent
2546 2485 2840 2568 sapienti
2868 2487 3028 2556 viro-

653 2591 723 2654 et
765 2586 1054 2654 inutiles.
1143 2588 1392 2653 Tamen
1423 2585 1569 2669 ipse
1597 2591 1907 2669 precatus
1953 2593 2058 2654 est
2086 2588 2508 2670 hominesque
2535 2588 2914 2656 sacrificare
2944 2595 3016 2656 et

656 2689 919 2773 precari
941 2690 1118 2773 sinit,
1148 2690 1231 2755 de
1261 2688 1473 2756 benef.
1504 2690 1638 2756 VII
1666 2692 1724 2775 4,
1754 2692 1828 2757 6:
1894 2690 2122 2755 Omnia
2142 2693 2352 2775 patris
2377 2697 2543 2776 sunt,
2587 2694 2840 2777 quaein
2871 2692 3014 2758 libe-

655 2812 875 2857 rorum
898 2812 1096 2856 manu
1123 2798 1308 2856 sunt:
1335 2794 1479 2876 q'uis
1506 2797 1711 2857 tamen
1740 2795 1934 2858 nescit
1953 2794 2192 2858 donare
2217 2794 2466 2879 aliquid
2491 2801 2546 2859 et
2568 2793 2775 2877 filium
2785 2796 2966 2878 patr-i
2981 2793 3032 2857 ,9

653 2894 890 2960 'Omnia
919 2895 1171 2959 deorum
1203 2899 1390 2959 sunt:
1418 2901 1625 2960 tamen
1648 2901 1704 2960 et
1727 2896 1828 2961 dis
1848 2896 2083 2961 donum
2098 2899 2410 2979 poscimus
2430 2903 2487 2962 et
2504 2898 2722 2978 stipem
2742 2898 3030 2963 iecimus,

656 2999 983 3083 Quomodo
1025 2999 1173 3065 fieri
1209 2999 1444 3084 potuit,
1489 3002 1568 3065 ut
1597 3000 1866 3085 Seneca,
1910 3000 2018 3067 cui
2047 3000 2188 3067 fato
2216 3000 2566 3067 infiexibili
2609 3000 2828 3067 01111113
2870 3000 3015 3085 regi

654 3120 1039 3184 persuasum
1055 3106 1219 3186 erat,
1235 3120 1464 3184 preces
1483 3103 1887 3187 admitteret,
1902 3122 2295 3186 quamquam
2310 3104 2463 3171 aliis
2477 3104 2636 3171 locis
2650 3103 3031 3171 reiciebat?

656 3204 867 3289 Quam
897 3205 984 3270 ad
1015 3205 1465 3285 quaestionem
1485 3206 1959 3274 Bonhoefferus
1986 3207 2110 3272 Die
2130 3206 2326 3272 Ethik
2345 3207 2453 3271 des
2474 3206 2745 3272 Stoilcers
2766 3206 3015 3290 Epiktet

654 3326 718 3388 p.
760 3308 846 3373 84
890 3306 1275 3374 brevissime
1320 3312 1391 3394 et
1433 3309 1677 3390 optime
1721 3310 2141 3393 respondisse
2184 3309 2349 3376 mihi
2390 3309 2684 3377 videtur:
2741 3309 2845 3374 Er
2886 3309 3032 3392 la‘sst

652 3409 824 3473 nicht
859 3429 990 3473 nur
1018 3409 1137 3474 den
1169 3409 1357 3475 Scher
1385 3412 1485 3475 als
1511 3410 1748 3477 Diener
1777 3412 1885 3477 cles
1914 3412 2259 3478 Schicksals
2281 3412 2496 3497 qelten,
2524 3413 2793 3478 sondern
2822 3412 3016 3478 recht-

651 3513 873 3595 fertiyt
926 3511 1026 3576 die
1070 3511 1456 3599 Siiltnunyen
1516 3514 1649 3579 und
1691 3515 2044 3602 Bittyc‘inye,
2087 3515 2278 3580 deren
2331 3515 2768 3581 Wirksamkeit
2818 3514 3017 3579 durch

834 3750 855 3783 ¹
890 3750 974 3805 Cf.
1008 3749 1280 3805 Maximus
1315 3750 1531 3822 Tyrius,
1569 3751 1696 3808 disS.
1732 3753 1817 3807 XI
1852 3754 1903 3808 5.

831 3834 855 3866 ²
887 3834 1055 3904 Verg.
1090 3835 1227 3890 Aen.
1261 3836 1345 3892 VI
1377 3836 1508 3906 3763
1545 3837 1666 3892 Sen.
1703 3838 1771 3892 de
1807 3838 1983 3894 benef.
2018 3838 2099 3894 VI
2134 3838 2218 3895 23.

831 3919 854 3952 ⁸
886 3921 954 3975 Id
989 3927 1091 3990 est,
1124 3927 1192 3976 ut
1225 3922 1349 3976 aliis
1396 3922 1571 3977 dicam
1607 3923 1823 3979 verbis:
1871 3924 2093 3980 Precari
2132 3925 2304 3980 solum
2351 3925 2619 3981 invalidos
2667 3931 2726 3980 et
2774 3923 3032 3979 infirmos

656 4004 829 4074 decet,
865 4011 1054 4061 contra
1088 4007 1362 4075 sapientes
1397 4013 1455 4063 et
1487 4008 1657 4064 fortes
1693 4009 1933 4066 dedecet.
2607 4031 2610 4034 ·

827 4090 854 4121 ⁴
887 4091 1048 4146 Aliae
1081 4092 1188 4147 fati
1220 4093 1538 4148 inflexibilis
1573 4094 1964 4164 descriptiones
2012 4101 2236 4152 exstant
2271 4113 2352 4166 ep.
2391 4098 2472 4167 77,
2512 4095 2605 4163 123
2652 4096 2722 4151 311
2755 4091 3029 4149 Marciam.

654 4176 723 4231 de
759 4192 901 4232 cons.
940 4175 1020 4246 10,
1058 4176 1141 4231 16.
1211 4178 1295 4233 Cf.
1330 4178 1475 4235 Stob.
1513 4180 1685 4250 eclog.
1720 4181 1749 4235 Ῑ
1783 4181 1845 4236 4:
1886 4176 2054 4249 Μοῖρ’
2089 4173 2138 4233 ὦ
2170 4179 2397 4237 λιταῖς
2436 4180 2704 4253 ἄτρωτε
2738 4175 3030 4244 δυστήνων»

650 4262 1162 4405 ssqow‘aegaebnglgil.
1201 4263 1401 4404 strg.
1437 4265 1498 4319 Π
1531 4266 1663 4406 431162
1699 4265 2048 4323 Ineoeorabile
2078 4267 2282 4337 fatum.

962 4390 975 4404 .
1079 4355 1225 4404 aton.
1307 4366 1435 4420 egg.
1471 4367 1524 4419 p.
1665 4394 1678 4409 .
