<?xml version="1.0" encoding="UTF-8"?>
<!DOCTYPE html PUBLIC "-//W3C//DTD XHTML 1.0 Transitional//EN"
    "http://www.w3.org/TR/xhtml1/DTD/xhtml1-transitional.dtd">
<html xmlns="http://www.w3.org/1999/xhtml" xml:lang="en" lang="en">
 <head>
  <title>
</title>
<meta http-equiv="Content-Type" content="text/html;charset=utf-8" />
  <meta name='ocr-system' content='tesseract 3.04.00' />
  <meta name='ocr-capabilities' content='ocr_page ocr_carea ocr_par ocr_line ocrx_word'/>
</head>
<body>
  <div class='ocr_page' id='page_1' title='image "./veteresphilosop00schmgoog_0055.png"; bbox 0 0 3509 5067; ppageno 0'>
   <div class='ocr_carea' id='block_1_1' title="bbox 473 375 2825 464">
    <p class='ocr_par' dir='ltr' id='par_1_1' title="bbox 473 375 2825 464">
     <span class='ocr_line' id='line_1_1' title="bbox 473 375 2825 464; baseline -0 -32"><span class='ocrx_word' id='word_1_1' title='bbox 473 376 585 464; x_wconf 86' lang='lat'><strong>41]</strong></span> <span class='ocrx_word' id='word_1_2' title='bbox 831 377 1056 432; x_wconf 81' lang='lat' dir='ltr'><strong>Veteres</strong></span> <span class='ocrx_word' id='word_1_3' title='bbox 1091 375 1393 445; x_wconf 84' lang='lat' dir='ltr'>philosophi</span> <span class='ocrx_word' id='word_1_4' title='bbox 1429 376 1690 445; x_wconf 85' lang='lat' dir='ltr'><strong>quomodo</strong></span> <span class='ocrx_word' id='word_1_5' title='bbox 1724 375 2090 431; x_wconf 88' lang='lat' dir='ltr'><strong>iudicaverint</strong></span> <span class='ocrx_word' id='word_1_6' title='bbox 2121 376 2188 431; x_wconf 89' lang='lat' dir='ltr'><strong>de</strong></span> <span class='ocrx_word' id='word_1_7' title='bbox 2223 376 2471 445; x_wconf 86' lang='lat' dir='ltr'><strong>precibus</strong></span> <span class='ocrx_word' id='word_1_8' title='bbox 2742 378 2825 443; x_wconf 77' lang='lat'><strong>41</strong></span> 
     </span>
    </p>
   </div>
   <div class='ocr_carea' id='block_1_2' title="bbox 477 546 2849 2583">
    <p class='ocr_par' dir='ltr' id='par_1_2' title="bbox 477 546 2841 1455">
     <span class='ocr_line' id='line_1_2' title="bbox 478 546 2832 632; baseline -0 -16"><span class='ocrx_word' id='word_1_9' title='bbox 478 551 730 632; x_wconf 84' lang='lat' dir='ltr'><strong>suadet,</strong></span> <span class='ocrx_word' id='word_1_10' title='bbox 786 552 863 614; x_wconf 92' lang='lat' dir='ltr'><strong>ut</strong></span> <span class='ocrx_word' id='word_1_11' title='bbox 918 547 1106 615; x_wconf 91' lang='lat' dir='ltr'><strong>bonis</strong></span> <span class='ocrx_word' id='word_1_12' title='bbox 1150 548 1442 630; x_wconf 91' lang='lat' dir='ltr'><strong>corporis</strong></span> <span class='ocrx_word' id='word_1_13' title='bbox 1488 546 1879 629; x_wconf 87' lang='lat' dir='ltr'><strong>contemptis</strong></span> <span class='ocrx_word' id='word_1_14' title='bbox 1901 546 1926 585; x_wconf 80' lang='lat'>1</span> <span class='ocrx_word' id='word_1_15' title='bbox 1987 550 2251 613; x_wconf 91' lang='lat' dir='ltr'><strong>deorum</strong></span> <span class='ocrx_word' id='word_1_16' title='bbox 2310 547 2628 614; x_wconf 84' lang='lat' dir='ltr'><strong>auxilium</strong></span> <span class='ocrx_word' id='word_1_17' title='bbox 2687 568 2832 631; x_wconf 89' lang='lat' dir='ltr'><strong>pre-</strong></span> 
     </span>
     <span class='ocr_line' id='line_1_3' title="bbox 479 646 2838 734; baseline -0.002 -16"><span class='ocrx_word' id='word_1_18' title='bbox 479 652 683 718; x_wconf 87' lang='lat' dir='ltr'><strong>cando</strong></span> <span class='ocrx_word' id='word_1_19' title='bbox 724 651 1107 733; x_wconf 72' lang='lat' dir='ltr'><strong>implorent:</strong></span> <span class='ocrx_word' id='word_1_20' title='bbox 1152 649 1254 713; x_wconf 75' lang='grc' dir='ltr'><strong><em>Ὦν</em></strong></span> <span class='ocrx_word' id='word_1_21' title='bbox 1293 660 1407 713; x_wconf 85' lang='grc' dir='ltr'><strong><em>τοῦ</em></strong></span> <span class='ocrx_word' id='word_1_22' title='bbox 1451 651 1747 731; x_wconf 87' lang='grc' dir='ltr'><strong><em>σώματος</em></strong></span> <span class='ocrx_word' id='word_1_23' title='bbox 1784 648 2185 731; x_wconf 81' lang='grc' dir='ltr'><strong><em>ἀπαλλαγεὶς</em></strong></span> <span class='ocrx_word' id='word_1_24' title='bbox 2228 648 2301 712; x_wconf 78' lang='grc' dir='ltr'><strong><em>οὗ</em></strong></span> <span class='ocrx_word' id='word_1_25' title='bbox 2331 646 2539 734; x_wconf 80' lang='grc' dir='ltr'><em>δεήσῃ,</em></span> <span class='ocrx_word' id='word_1_26' title='bbox 2583 647 2838 715; x_wconf 76' lang='grc' dir='ltr'><strong><em>ἐκείνων</em></strong></span> 
     </span>
     <span class='ocr_line' id='line_1_4' title="bbox 477 748 2837 840; baseline 0 -23"><span class='ocrx_word' id='word_1_27' title='bbox 477 753 867 840; x_wconf 84' lang='grc' dir='ltr'><strong><em>καταφρόνει</em></strong></span> <span class='ocrx_word' id='word_1_28' title='bbox 907 756 1165 817; x_wconf 87' lang='grc' dir='ltr'><strong><em>πάντων</em></strong></span> <span class='ocrx_word' id='word_1_29' title='bbox 1182 776 1198 793; x_wconf 87' lang='grc'><em>·</em></span> <span class='ocrx_word' id='word_1_30' title='bbox 1252 752 1363 816; x_wconf 88' lang='grc' dir='ltr'><strong><em>καὶ</em></strong></span> <span class='ocrx_word' id='word_1_31' title='bbox 1407 748 1498 815; x_wconf 82' lang='grc' dir='ltr'><strong><em>ὧν</em></strong></span> <span class='ocrx_word' id='word_1_32' title='bbox 1540 750 1941 836; x_wconf 77' lang='grc' dir='ltr'><strong><em>ἀπαλλαγεὶς</em></strong></span> <span class='ocrx_word' id='word_1_33' title='bbox 1984 750 2191 837; x_wconf 83' lang='grc' dir='ltr'><em>δεήσῃ,</em></span> <span class='ocrx_word' id='word_1_34' title='bbox 2250 751 2420 838; x_wconf 84' lang='grc' dir='ltr'><strong><em>πρὸς</em></strong></span> <span class='ocrx_word' id='word_1_35' title='bbox 2476 755 2675 816; x_wconf 79' lang='grc' dir='ltr'><strong><em>ταῦτά</em></strong></span> <span class='ocrx_word' id='word_1_36' title='bbox 2732 771 2837 817; x_wconf 89' lang='grc' dir='ltr'><strong><em>σοι</em></strong></span> 
     </span>
     <span class='ocr_line' id='line_1_5' title="bbox 479 853 2836 942; baseline 0.001 -23"><span class='ocrx_word' id='word_1_37' title='bbox 479 855 850 941; x_wconf 78' lang='grc' dir='ltr'><strong><em>ἀσκουμένῳ</em></strong></span> <span class='ocrx_word' id='word_1_38' title='bbox 915 856 1064 932; x_wconf 83' lang='grc' dir='ltr'><strong><em>τοὺς</em></strong></span> <span class='ocrx_word' id='word_1_39' title='bbox 1120 855 1322 930; x_wconf 84' lang='grc' dir='ltr'><strong><em>θεοὺς</em></strong></span> <span class='ocrx_word' id='word_1_40' title='bbox 1378 853 1742 941; x_wconf 84' lang='grc' dir='ltr'><strong><em>παρακάλει</em></strong></span> <span class='ocrx_word' id='word_1_41' title='bbox 1799 857 2102 936; x_wconf 77' lang='grc' dir='ltr'><strong><em>γίνεσθαί</em></strong></span> <span class='ocrx_word' id='word_1_42' title='bbox 2173 875 2277 919; x_wconf 91' lang='grc' dir='ltr'><strong><em>σοι</em></strong></span> <span class='ocrx_word' id='word_1_43' title='bbox 2338 854 2774 942; x_wconf 75' lang='grc' dir='ltr'><strong><em>συλλήπτορας</em></strong></span> <span class='ocrx_word' id='word_1_44' title='bbox 2791 855 2836 922; x_wconf 77' lang='lat'><strong>².</strong></span> 
     </span>
     <span class='ocr_line' id='line_1_6' title="bbox 477 956 2838 1043; baseline -0.001 -16"><span class='ocrx_word' id='word_1_45' title='bbox 477 960 586 1027; x_wconf 85' lang='lat' dir='ltr'><strong>Ex</strong></span> <span class='ocrx_word' id='word_1_46' title='bbox 624 959 776 1026; x_wconf 89' lang='lat' dir='ltr'><strong>aliis</strong></span> <span class='ocrx_word' id='word_1_47' title='bbox 816 959 1056 1042; x_wconf 81' lang='lat' dir='ltr'><strong>verbiS,</strong></span> <span class='ocrx_word' id='word_1_48' title='bbox 1101 977 1271 1041; x_wconf 90' lang='lat' dir='ltr'><strong>quae</strong></span> <span class='ocrx_word' id='word_1_49' title='bbox 1298 956 1562 1024; x_wconf 84' lang='lat' dir='ltr'>Biantis</span> <span class='ocrx_word' id='word_1_50' title='bbox 1594 975 1736 1023; x_wconf 86' lang='lat' dir='ltr'><strong>esse</strong></span> <span class='ocrx_word' id='word_1_51' title='bbox 1770 957 2095 1041; x_wconf 87' lang='lat' dir='ltr'><strong>dicuntur,</strong></span> <span class='ocrx_word' id='word_1_52' title='bbox 2139 959 2354 1025; x_wconf 91' lang='lat' dir='ltr'><strong>elucet</strong></span> <span class='ocrx_word' id='word_1_53' title='bbox 2384 961 2838 1043; x_wconf 87' lang='lat' dir='ltr'><strong>Pythagoreos</strong></span> 
     </span>
     <span class='ocr_line' id='line_1_7' title="bbox 479 1059 2840 1146; baseline -0.001 -17"><span class='ocrx_word' id='word_1_54' title='bbox 479 1070 753 1145; x_wconf 87' lang='lat' dir='ltr'><strong>putasse</strong></span> <span class='ocrx_word' id='word_1_55' title='bbox 791 1062 1118 1144; x_wconf 89' lang='lat' dir='ltr'><strong>improbos</strong></span> <span class='ocrx_word' id='word_1_56' title='bbox 1146 1060 1437 1127; x_wconf 91' lang='lat' dir='ltr'><strong>homines</strong></span> <span class='ocrx_word' id='word_1_57' title='bbox 1469 1060 1608 1126; x_wconf 88' lang='lat' dir='ltr'><strong>deis</strong></span> <span class='ocrx_word' id='word_1_58' title='bbox 1638 1059 2093 1142; x_wconf 76' lang='lat' dir='ltr'><strong>supplicantes</strong></span> <span class='ocrx_word' id='word_1_59' title='bbox 2124 1079 2253 1127; x_wconf 91' lang='lat' dir='ltr'><strong>non</strong></span> <span class='ocrx_word' id='word_1_60' title='bbox 2284 1062 2602 1146; x_wconf 84' lang='lat' dir='ltr'><strong>exaudiri,</strong></span> <span class='ocrx_word' id='word_1_61' title='bbox 2643 1062 2840 1128; x_wconf 92' lang='lat' dir='ltr'><strong>immo</strong></span> 
     </span>
     <span class='ocr_line' id='line_1_8' title="bbox 480 1162 2839 1249; baseline -0.001 -18"><span class='ocrx_word' id='word_1_62' title='bbox 480 1183 640 1232; x_wconf 89' lang='lat' dir='ltr'><strong>vero</strong></span> <span class='ocrx_word' id='word_1_63' title='bbox 670 1164 908 1247; x_wconf 89' lang='lat' dir='ltr'><strong>puniri,</strong></span> <span class='ocrx_word' id='word_1_64' title='bbox 959 1163 1269 1247; x_wconf 86' lang='lat' dir='ltr'><strong>Florileg.</strong></span> <span class='ocrx_word' id='word_1_65' title='bbox 1304 1164 1696 1229; x_wconf 90' lang='lat' dir='ltr'><strong>Monacense</strong></span> <span class='ocrx_word' id='word_1_66' title='bbox 1728 1163 1886 1229; x_wconf 83' lang='lat'>169:</span> <span class='ocrx_word' id='word_1_67' title='bbox 1930 1162 1990 1227; x_wconf 85' lang='lat'><strong>‘0</strong></span> <span class='ocrx_word' id='word_1_68' title='bbox 2030 1162 2221 1240; x_wconf 79' lang='grc' dir='ltr'><strong><em>αὐτὸς</em></strong></span> <span class='ocrx_word' id='word_1_69' title='bbox 2248 1163 2461 1249; x_wconf 80' lang='grc' dir='ltr'><strong><em>(Βίας)</em></strong></span> <span class='ocrx_word' id='word_1_70' title='bbox 2491 1163 2652 1228; x_wconf 82' lang='grc' dir='ltr'><strong><em>ποτὲ</em></strong></span> <span class='ocrx_word' id='word_1_71' title='bbox 2681 1184 2839 1245; x_wconf 85' lang='grc' dir='ltr'><strong><em>συμ-</em></strong></span> 
     </span>
     <span class='ocr_line' id='line_1_9' title="bbox 483 1264 2841 1351; baseline 0 -21"><span class='ocrx_word' id='word_1_72' title='bbox 483 1266 699 1332; x_wconf 82' lang='grc' dir='ltr'><strong><em>πλέων</em></strong></span> <span class='ocrx_word' id='word_1_73' title='bbox 771 1265 1068 1349; x_wconf 77' lang='grc' dir='ltr'><strong><em>ἀσεβέσι,</em></strong></span> <span class='ocrx_word' id='word_1_74' title='bbox 1143 1264 1606 1349; x_wconf 76' lang='grc' dir='ltr'><strong><em>χειμαζομένης</em></strong></span> <span class='ocrx_word' id='word_1_75' title='bbox 1676 1274 1786 1351; x_wconf 85' lang='grc' dir='ltr'><strong>τῆς</strong></span> <span class='ocrx_word' id='word_1_76' title='bbox 1841 1268 2000 1341; x_wconf 83' lang='grc' dir='ltr'><strong><em>νεὼς</em></strong></span> <span class='ocrx_word' id='word_1_77' title='bbox 2055 1264 2367 1330; x_wconf 83' lang='grc' dir='ltr'><strong><em>κάκείνων</em></strong></span> <span class='ocrx_word' id='word_1_78' title='bbox 2432 1266 2581 1343; x_wconf 84' lang='grc' dir='ltr'><strong><em>τοὺς</em></strong></span> <span class='ocrx_word' id='word_1_79' title='bbox 2634 1266 2841 1344; x_wconf 85' lang='grc' dir='ltr'><strong><em>θεοὺς</em></strong></span> 
     </span>
     <span class='ocr_line' id='line_1_10' title="bbox 482 1364 2837 1455; baseline 0.001 -23"><span class='ocrx_word' id='word_1_80' title='bbox 482 1369 1016 1451; x_wconf 78' lang='grc' dir='ltr'><strong><em>ἐπικαλουμένων,</em></strong></span> <span class='ocrx_word' id='word_1_81' title='bbox 1048 1379 1282 1451; x_wconf 81' lang='grc' dir='ltr'><strong><em>σιγᾶτε,</em></strong></span> <span class='ocrx_word' id='word_1_82' title='bbox 1313 1365 1456 1455; x_wconf 74' lang='grc' dir='ltr'><strong><em>ἔφη,</em></strong></span> <span class='ocrx_word' id='word_1_83' title='bbox 1490 1368 1579 1454; x_wconf 77' lang='grc' dir='ltr'><strong>μὴ</strong></span> <span class='ocrx_word' id='word_1_84' title='bbox 1610 1366 1972 1439; x_wconf 74' lang='grc' dir='ltr'><strong><em>αἴσθωνται</em></strong></span> <span class='ocrx_word' id='word_1_85' title='bbox 2001 1364 2169 1449; x_wconf 76' lang='grc' dir='ltr'><strong><em>ὑμᾶς</em></strong></span> <span class='ocrx_word' id='word_1_86' title='bbox 2198 1365 2432 1433; x_wconf 75' lang='grc' dir='ltr'><strong><em>ἐνθάδε</em></strong></span> <span class='ocrx_word' id='word_1_87' title='bbox 2459 1368 2773 1445; x_wconf 85' lang='grc' dir='ltr'><strong><em>πλέοντας</em></strong></span> <span class='ocrx_word' id='word_1_88' title='bbox 2793 1371 2837 1436; x_wconf 75' lang='lat'><strong>⁸.</strong></span> 
     </span>
    </p>

    <p class='ocr_par' dir='ltr' id='par_1_3' title="bbox 482 1471 2849 2583">
     <span class='ocr_line' id='line_1_11' title="bbox 651 1471 2839 1556; baseline 0.001 -19"><span class='ocrx_word' id='word_1_89' title='bbox 651 1472 1012 1554; x_wconf 83' lang='lat' dir='ltr'><strong>Exemplar</strong></span> <span class='ocrx_word' id='word_1_90' title='bbox 1054 1472 1150 1553; x_wconf 90' lang='lat' dir='ltr'><strong>pii</strong></span> <span class='ocrx_word' id='word_1_91' title='bbox 1193 1471 1450 1552; x_wconf 89' lang='lat' dir='ltr'><strong>diisque</strong></span> <span class='ocrx_word' id='word_1_92' title='bbox 1494 1472 1860 1555; x_wconf 78' lang='lat' dir='ltr'><strong>gratissimi</strong></span> <span class='ocrx_word' id='word_1_93' title='bbox 1919 1471 2053 1540; x_wconf 86' lang='lat' dir='ltr'><strong>viri</strong></span> <span class='ocrx_word' id='word_1_94' title='bbox 2094 1492 2238 1539; x_wconf 89' lang='lat' dir='ltr'><strong>esse</strong></span> <span class='ocrx_word' id='word_1_95' title='bbox 2281 1473 2839 1556; x_wconf 88' lang='lat' dir='ltr'><strong>Apollonium</strong></span> 
     </span>
     <span class='ocr_line' id='line_1_12' title="bbox 485 1574 2842 1658; baseline 0.001 -19"><span class='ocrx_word' id='word_1_96' title='bbox 485 1577 958 1658; x_wconf 85' lang='lat' dir='ltr'><strong>Tyanaeum</strong></span> <span class='ocrx_word' id='word_1_97' title='bbox 981 1575 1009 1613; x_wconf 72' lang='lat'><em>4</em></span> <span class='ocrx_word' id='word_1_98' title='bbox 1053 1574 1659 1657; x_wconf 85' lang='lat' dir='ltr'><strong>Neo-Pythagorei</strong></span> <span class='ocrx_word' id='word_1_99' title='bbox 1705 1576 2072 1658; x_wconf 90' lang='lat' dir='ltr'><strong>putabant,</strong></span> <span class='ocrx_word' id='word_1_100' title='bbox 2130 1576 2318 1642; x_wconf 89' lang='lat' dir='ltr'><strong>cuius</strong></span> <span class='ocrx_word' id='word_1_101' title='bbox 2374 1576 2585 1643; x_wconf 86' lang='lat' dir='ltr'><strong>vitam</strong></span> <span class='ocrx_word' id='word_1_102' title='bbox 2643 1576 2842 1642; x_wconf 86' lang='lat' dir='ltr'><strong>mira·</strong></span> 
     </span>
     <span class='ocr_line' id='line_1_13' title="bbox 482 1677 2839 1760; baseline 0 -17"><span class='ocrx_word' id='word_1_103' title='bbox 482 1677 646 1743; x_wconf 89' lang='lat' dir='ltr'><strong>culis</strong></span> <span class='ocrx_word' id='word_1_104' title='bbox 717 1678 981 1759; x_wconf 87' lang='lat' dir='ltr'><strong>plenam</strong></span> <span class='ocrx_word' id='word_1_105' title='bbox 1038 1678 1486 1743; x_wconf 88' lang='lat' dir='ltr'><strong>Philostratus</strong></span> <span class='ocrx_word' id='word_1_106' title='bbox 1562 1677 1919 1760; x_wconf 84' lang='lat' dir='ltr'><strong>descripsit</strong></span> <span class='ocrx_word' id='word_1_107' title='bbox 1938 1677 1983 1743; x_wconf 76' lang='lat'><strong>⁵.</strong></span> <span class='ocrx_word' id='word_1_108' title='bbox 2093 1680 2489 1745; x_wconf 86' lang='lat' dir='ltr'><strong>Persuasum</strong></span> <span class='ocrx_word' id='word_1_109' title='bbox 2546 1679 2839 1745; x_wconf 87' lang='lat' dir='ltr'><strong>habebat</strong></span> 
     </span>
     <span class='ocr_line' id='line_1_14' title="bbox 482 1779 2840 1865; baseline 0.001 -20"><span class='ocrx_word' id='word_1_110' title='bbox 482 1779 810 1847; x_wconf 87' lang='lat' dir='ltr'><strong>sacrificia</strong></span> <span class='ocrx_word' id='word_1_111' title='bbox 856 1799 986 1846; x_wconf 88' lang='lat' dir='ltr'><strong>non</strong></span> <span class='ocrx_word' id='word_1_112' title='bbox 1021 1782 1346 1863; x_wconf 88' lang='lat' dir='ltr'><strong>prodesse,</strong></span> <span class='ocrx_word' id='word_1_113' title='bbox 1390 1780 1521 1847; x_wconf 88' lang='lat' dir='ltr'><strong>nisi</strong></span> <span class='ocrx_word' id='word_1_114' title='bbox 1552 1799 1733 1846; x_wconf 89' lang='lat' dir='ltr'><strong>mens</strong></span> <span class='ocrx_word' id='word_1_115' title='bbox 1776 1781 1892 1862; x_wconf 91' lang='lat' dir='ltr'><strong>pia</strong></span> <span class='ocrx_word' id='word_1_116' title='bbox 1922 1787 2113 1865; x_wconf 87' lang='lat' dir='ltr'><strong>esset,</strong></span> <span class='ocrx_word' id='word_1_117' title='bbox 2155 1781 2367 1863; x_wconf 88' lang='lat' dir='ltr'><strong>pluris</strong></span> <span class='ocrx_word' id='word_1_118' title='bbox 2400 1799 2593 1862; x_wconf 89' lang='lat' dir='ltr'><strong>quam</strong></span> <span class='ocrx_word' id='word_1_119' title='bbox 2637 1781 2840 1848; x_wconf 87' lang='lat' dir='ltr'><strong>sacri-</strong></span> 
     </span>
     <span class='ocr_line' id='line_1_15' title="bbox 483 1881 2840 1967; baseline 0.001 -19"><span class='ocrx_word' id='word_1_120' title='bbox 483 1881 635 1949; x_wconf 89' lang='lat' dir='ltr'><strong>ficia</strong></span> <span class='ocrx_word' id='word_1_121' title='bbox 693 1901 834 1949; x_wconf 88' lang='lat' dir='ltr'><strong>esse</strong></span> <span class='ocrx_word' id='word_1_122' title='bbox 894 1883 1344 1965; x_wconf 85' lang='lat' dir='ltr'><strong>precationem</strong></span> <span class='ocrx_word' id='word_1_123' title='bbox 1411 1885 1530 1950; x_wconf 90' lang='lat' dir='ltr'><strong>deo</strong></span> <span class='ocrx_word' id='word_1_124' title='bbox 1583 1883 1850 1967; x_wconf 84' lang='lat' dir='ltr'><strong>dignam</strong></span> <span class='ocrx_word' id='word_1_125' title='bbox 1871 1883 1913 1950; x_wconf 80' lang='lat'><strong>⁶.</strong></span> <span class='ocrx_word' id='word_1_126' title='bbox 2029 1885 2354 1950; x_wconf 81' lang='lat' dir='ltr'><strong>Pulchrae</strong></span> <span class='ocrx_word' id='word_1_127' title='bbox 2426 1883 2840 1966; x_wconf 82' lang='lat' dir='ltr'><strong>precationes</strong></span> 
     </span>
     <span class='ocr_line' id='line_1_16' title="bbox 482 1986 2841 2069; baseline 0 -17"><span class='ocrx_word' id='word_1_128' title='bbox 482 1987 1019 2052; x_wconf 87' lang='lat' dir='ltr'><strong>commendantur</strong></span> <span class='ocrx_word' id='word_1_129' title='bbox 1062 1991 1132 2053; x_wconf 87' lang='lat' dir='ltr'><strong>et</strong></span> <span class='ocrx_word' id='word_1_130' title='bbox 1176 1987 1521 2068; x_wconf 88' lang='lat' dir='ltr'><strong>simplices.</strong></span> <span class='ocrx_word' id='word_1_131' title='bbox 1625 1988 2015 2069; x_wconf 86' lang='lat' dir='ltr'><strong>Apollonius</strong></span> <span class='ocrx_word' id='word_1_132' title='bbox 2079 1986 2222 2069; x_wconf 92' lang='lat' dir='ltr'><strong>ipse</strong></span> <span class='ocrx_word' id='word_1_133' title='bbox 2264 1988 2386 2054; x_wconf 91' lang='lat' dir='ltr'><strong>hoc</strong></span> <span class='ocrx_word' id='word_1_134' title='bbox 2443 1989 2629 2054; x_wconf 93' lang='lat' dir='ltr'><strong>modo</strong></span> <span class='ocrx_word' id='word_1_135' title='bbox 2685 1988 2841 2053; x_wconf 88' lang='lat' dir='ltr'><strong>deos</strong></span> 
     </span>
     <span class='ocr_line' id='line_1_17' title="bbox 483 2086 2846 2176; baseline 0 -21"><span class='ocrx_word' id='word_1_136' title='bbox 483 2090 871 2156; x_wconf 82' lang='lat' dir='ltr'><strong>invocabat:</strong></span> <span class='ocrx_word' id='word_1_137' title='bbox 912 2087 981 2151; x_wconf 72' lang='grc' dir='ltr'><strong>’Ὠ</strong></span> <span class='ocrx_word' id='word_1_138' title='bbox 1006 2091 1172 2173; x_wconf 83' lang='grc' dir='ltr'><strong><em>θεοί,</em></strong></span> <span class='ocrx_word' id='word_1_139' title='bbox 1217 2087 1424 2175; x_wconf 82' lang='grc' dir='ltr'><strong><em>ὃῴητέ</em></strong></span> <span class='ocrx_word' id='word_1_140' title='bbox 1461 2112 1578 2170; x_wconf 90' lang='grc' dir='ltr'><strong><em>μοι</em></strong></span> <span class='ocrx_word' id='word_1_141' title='bbox 1606 2088 1842 2176; x_wconf 84' lang='grc' dir='ltr'><strong><em>σμικρὰ</em></strong></span> <span class='ocrx_word' id='word_1_142' title='bbox 1885 2086 2054 2172; x_wconf 75' lang='grc' dir='ltr'><strong><em>ἔχειν</em></strong></span> <span class='ocrx_word' id='word_1_143' title='bbox 2080 2090 2191 2153; x_wconf 87' lang='grc' dir='ltr'><strong><em>καὶ</em></strong></span> <span class='ocrx_word' id='word_1_144' title='bbox 2233 2088 2494 2154; x_wconf 80' lang='grc' dir='ltr'><strong><em>δεῖσθαι</em></strong></span> <span class='ocrx_word' id='word_1_145' title='bbox 2526 2087 2846 2175; x_wconf 72' lang='grc' dir='ltr'><strong><em>μηδενὸς.”</em></strong></span> 
     </span>
     <span class='ocr_line' id='line_1_18' title="bbox 484 2189 2842 2279; baseline -0 -22"><span class='ocrx_word' id='word_1_146' title='bbox 484 2194 627 2259; x_wconf 76' lang='lat' dir='ltr'><strong>Aut</strong></span> <span class='ocrx_word' id='word_1_147' title='bbox 669 2191 1069 2274; x_wconf 86' lang='lat' dir='ltr'><strong>implorabat</strong></span> <span class='ocrx_word' id='word_1_148' title='bbox 1124 2212 1394 2275; x_wconf 84' lang='lat' dir='ltr'><strong>superos</strong></span> <span class='ocrx_word' id='word_1_149' title='bbox 1446 2191 1848 2279; x_wconf 79' lang='grc' dir='ltr'><strong><em>δικαιοσύνην</em></strong></span> <span class='ocrx_word' id='word_1_150' title='bbox 1889 2189 2071 2266; x_wconf 85' lang='grc' dir='ltr'><strong><em>εἶναι,</em></strong></span> <span class='ocrx_word' id='word_1_151' title='bbox 2136 2193 2386 2276; x_wconf 46' lang='grc' dir='ltr'><strong>νόμουςἼ</strong></span> <span class='ocrx_word' id='word_1_152' title='bbox 2410 2191 2498 2277; x_wconf 86' lang='grc' dir='ltr'><strong>μὴ</strong></span> <span class='ocrx_word' id='word_1_153' title='bbox 2541 2191 2842 2256; x_wconf 84' lang='grc' dir='ltr'><strong><em>καταλύε-</em></strong></span> 
     </span>
     <span class='ocr_line' id='line_1_19' title="bbox 485 2292 2849 2382; baseline 0 -25"><span class='ocrx_word' id='word_1_154' title='bbox 485 2295 671 2367; x_wconf 90' lang='grc' dir='ltr'><strong><em>σθαι,</em></strong></span> <span class='ocrx_word' id='word_1_155' title='bbox 715 2297 1033 2359; x_wconf 82' lang='grc' dir='ltr'><strong><em>πένεσθαι</em></strong></span> <span class='ocrx_word' id='word_1_156' title='bbox 1065 2295 1215 2372; x_wconf 85' lang='grc' dir='ltr'><strong><em>τοὺς</em></strong></span> <span class='ocrx_word' id='word_1_157' title='bbox 1243 2295 1510 2382; x_wconf 83' lang='grc' dir='ltr'><strong><em>σοφοὺς,</em></strong></span> <span class='ocrx_word' id='word_1_158' title='bbox 1547 2296 1696 2372; x_wconf 88' lang='grc' dir='ltr'><strong><em>τοὺς</em></strong></span> <span class='ocrx_word' id='word_1_159' title='bbox 1739 2295 2046 2372; x_wconf 78' lang='grc' dir='ltr'><strong><em>δ’ἄλλους</em></strong></span> <span class='ocrx_word' id='word_1_160' title='bbox 2071 2294 2372 2360; x_wconf 85' lang='grc' dir='ltr'><strong><em>πλουτεῖν</em></strong></span> <span class='ocrx_word' id='word_1_161' title='bbox 2413 2293 2546 2379; x_wconf 78' lang='grc' dir='ltr'><strong><em>μὲν,</em></strong></span> <span class='ocrx_word' id='word_1_162' title='bbox 2591 2292 2849 2371; x_wconf 79' lang='grc' dir='ltr'><strong><em>ἀδόλως</em></strong></span> 
     </span>
     <span class='ocr_line' id='line_1_20' title="bbox 487 2396 2844 2482; baseline -0.001 -20"><span class='ocrx_word' id='word_1_163' title='bbox 487 2396 562 2461; x_wconf 79' lang='grc' dir='ltr'><strong>δέ</strong></span> <span class='ocrx_word' id='word_1_164' title='bbox 579 2397 622 2463; x_wconf 80' lang='lat'><strong>⁸.</strong></span> <span class='ocrx_word' id='word_1_165' title='bbox 689 2397 1189 2482; x_wconf 80' lang='lat' dir='ltr'><strong>QuaerentibuS,</strong></span> <span class='ocrx_word' id='word_1_166' title='bbox 1220 2417 1387 2481; x_wconf 88' lang='lat' dir='ltr'><strong>quae</strong></span> <span class='ocrx_word' id='word_1_167' title='bbox 1416 2417 1581 2466; x_wconf 86' lang='lat' dir='ltr'><strong>vera</strong></span> <span class='ocrx_word' id='word_1_168' title='bbox 1611 2405 1787 2466; x_wconf 89' lang='lat' dir='ltr'><strong>esset</strong></span> <span class='ocrx_word' id='word_1_169' title='bbox 1818 2399 2166 2482; x_wconf 86' lang='lat' dir='ltr'><strong>sapientia,</strong></span> <span class='ocrx_word' id='word_1_170' title='bbox 2201 2399 2571 2482; x_wconf 87' lang='lat' dir='ltr'><strong>respondit:</strong></span> <span class='ocrx_word' id='word_1_171' title='bbox 2620 2404 2844 2462; x_wconf 83' lang='grc' dir='ltr'><strong><em>Θειασ-</em></strong></span> 
     </span>
     <span class='ocr_line' id='line_1_21' title="bbox 483 2499 2272 2583; baseline 0.002 -18"><span class='ocrx_word' id='word_1_172' title='bbox 483 2499 609 2582; x_wconf 86' lang='grc' dir='ltr'><strong>μὸς</strong></span> <span class='ocrx_word' id='word_1_173' title='bbox 652 2546 667 2563; x_wconf 94' lang='grc'><strong>.</strong></span> <span class='ocrx_word' id='word_1_174' title='bbox 714 2552 729 2567; x_wconf 97' lang='grc'><strong>.</strong></span> <span class='ocrx_word' id='word_1_175' title='bbox 770 2546 785 2561; x_wconf 94' lang='grc'><strong>.</strong></span> <span class='ocrx_word' id='word_1_176' title='bbox 831 2500 942 2564; x_wconf 85' lang='grc' dir='ltr'><strong><em>καὶ</em></strong></span> <span class='ocrx_word' id='word_1_177' title='bbox 984 2499 1074 2578; x_wconf 85' lang='grc' dir='ltr'><strong>ὡς</strong></span> <span class='ocrx_word' id='word_1_178' title='bbox 1118 2500 1194 2565; x_wconf 78' lang='grc' dir='ltr'><strong><em>ἄν</em></strong></span> <span class='ocrx_word' id='word_1_179' title='bbox 1233 2523 1333 2577; x_wconf 90' lang='grc' dir='ltr'><strong>τις</strong></span> <span class='ocrx_word' id='word_1_180' title='bbox 1371 2504 1563 2578; x_wconf 84' lang='grc' dir='ltr'><strong><em>θεοῖς</em></strong></span> <span class='ocrx_word' id='word_1_181' title='bbox 1606 2500 1855 2583; x_wconf 72' lang='grc' dir='ltr'><strong><em>εὔχοιτο</em></strong></span> <span class='ocrx_word' id='word_1_182' title='bbox 1899 2502 2009 2566; x_wconf 87' lang='grc' dir='ltr'><strong><em>καὶ</em></strong></span> <span class='ocrx_word' id='word_1_183' title='bbox 2050 2502 2208 2567; x_wconf 82' lang='grc' dir='ltr'><strong><em>θύοι</em></strong></span> <span class='ocrx_word' id='word_1_184' title='bbox 2228 2503 2272 2569; x_wconf 77' lang='lat'><strong>⁰.</strong></span> 
     </span>
    </p>
   </div>
   <div class='ocr_carea' id='block_1_3' title="bbox 485 2616 896 2625">
    <p class='ocr_par' dir='ltr' id='par_1_4' title="bbox 485 2616 896 2625">
     <span class='ocr_line' id='line_1_22' title="bbox 485 2616 896 2625; baseline 0 2442"><span class='ocrx_word' id='word_1_185' title='bbox 485 2616 896 2625; x_wconf 95' lang='lat' dir='ltr'><strong> </strong></span> 
     </span>
    </p>
   </div>
   <div class='ocr_carea' id='block_1_4' title="bbox 486 2649 2858 4440">
    <p class='ocr_par' dir='ltr' id='par_1_5' title="bbox 488 2649 2845 2805">
     <span class='ocr_line' id='line_1_23' title="bbox 662 2649 2845 2726; baseline -0.002 -18"><span class='ocrx_word' id='word_1_186' title='bbox 662 2654 683 2686; x_wconf 89' lang='lat'><strong>¹</strong></span> <span class='ocrx_word' id='word_1_187' title='bbox 719 2654 800 2708; x_wconf 81' lang='lat' dir='ltr'><strong>Cf.</strong></span> <span class='ocrx_word' id='word_1_188' title='bbox 830 2653 1047 2709; x_wconf 79' lang='lat' dir='ltr'><strong>Biantis</strong></span> <span class='ocrx_word' id='word_1_189' title='bbox 1070 2654 1276 2710; x_wconf 75' lang='lat' dir='ltr'><strong>(lictum</strong></span> <span class='ocrx_word' id='word_1_190' title='bbox 1299 2655 1446 2710; x_wconf 87' lang='lat' dir='ltr'><strong>Stob.</strong></span> <span class='ocrx_word' id='word_1_191' title='bbox 1470 2656 1521 2711; x_wconf 91' lang='lat' dir='ltr'><strong>V</strong></span> <span class='ocrx_word' id='word_1_192' title='bbox 1545 2655 1640 2709; x_wconf 79' lang='lat'><strong>29:</strong></span> <span class='ocrx_word' id='word_1_193' title='bbox 1670 2649 1765 2705; x_wconf 81' lang='grc' dir='ltr'><strong><em>Ὧν</em></strong></span> <span class='ocrx_word' id='word_1_194' title='bbox 1800 2653 1831 2720; x_wconf 79' lang='grc' dir='ltr'><em>ἢ</em></span> <span class='ocrx_word' id='word_1_195' title='bbox 1855 2654 1985 2721; x_wconf 81' lang='grc' dir='ltr'><strong><em>τύχη</em></strong></span> <span class='ocrx_word' id='word_1_196' title='bbox 2010 2659 2164 2726; x_wconf 83' lang='grc' dir='ltr'><strong><em>κυρία</em></strong></span> <span class='ocrx_word' id='word_1_197' title='bbox 2186 2651 2372 2707; x_wconf 74' lang='grc' dir='ltr'><strong><em>δοῦ-ναι</em></strong></span> <span class='ocrx_word' id='word_1_198' title='bbox 2405 2659 2492 2706; x_wconf 83' lang='grc' dir='ltr'><strong><em>καὶ</em></strong></span> <span class='ocrx_word' id='word_1_199' title='bbox 2527 2652 2845 2724; x_wconf 58' lang='grc' dir='ltr'><strong><em>ἀφελέσθαι,</em></strong></span> 
     </span>
     <span class='ocr_line' id='line_1_24' title="bbox 488 2734 1012 2805; baseline 0.002 -14"><span class='ocrx_word' id='word_1_200' title='bbox 488 2736 552 2791; x_wconf 81' lang='grc' dir='ltr'><strong><em>οὗ</em></strong></span> <span class='ocrx_word' id='word_1_201' title='bbox 585 2734 744 2805; x_wconf 75' lang='grc' dir='ltr'><strong><em>δεήσῃ</em></strong></span> <span class='ocrx_word' id='word_1_202' title='bbox 781 2735 1012 2792; x_wconf 66' lang='grc' dir='ltr'><strong><em>οὐδενός.</em></strong></span> 
     </span>
    </p>

    <p class='ocr_par' dir='ltr' id='par_1_6' title="bbox 486 2824 2854 3410">
     <span class='ocr_line' id='line_1_25' title="bbox 660 2824 2850 2896; baseline 0 -17"><span class='ocrx_word' id='word_1_203' title='bbox 660 2825 684 2857; x_wconf 76' lang='lat'>²</span> <span class='ocrx_word' id='word_1_204' title='bbox 721 2826 801 2880; x_wconf 75' lang='lat' dir='ltr'><strong>Of.</strong></span> <span class='ocrx_word' id='word_1_205' title='bbox 825 2826 1025 2880; x_wconf 88' lang='lat' dir='ltr'><strong>Anton.</strong></span> <span class='ocrx_word' id='word_1_206' title='bbox 1051 2841 1237 2880; x_wconf 87' lang='lat' dir='ltr'><strong>comm.</strong></span> <span class='ocrx_word' id='word_1_207' title='bbox 1258 2826 1442 2895; x_wconf 87' lang='lat' dir='ltr'><strong>(supra</strong></span> <span class='ocrx_word' id='word_1_208' title='bbox 1463 2843 1515 2896; x_wconf 88' lang='lat' dir='ltr'><strong>p.</strong></span> <span class='ocrx_word' id='word_1_209' title='bbox 1533 2826 1640 2896; x_wconf 85' lang='lat'><strong>38).</strong></span> <span class='ocrx_word' id='word_1_210' title='bbox 1676 2827 1825 2882; x_wconf 90' lang='lat' dir='ltr'><strong>Haec</strong></span> <span class='ocrx_word' id='word_1_211' title='bbox 1848 2826 2067 2882; x_wconf 84' lang='lat' dir='ltr'><strong>Biantis</strong></span> <span class='ocrx_word' id='word_1_212' title='bbox 2091 2826 2258 2883; x_wconf 85' lang='lat' dir='ltr'><strong>verba</strong></span> <span class='ocrx_word' id='word_1_213' title='bbox 2279 2826 2584 2895; x_wconf 87' lang='lat' dir='ltr'><strong>paullulum</strong></span> <span class='ocrx_word' id='word_1_214' title='bbox 2607 2824 2850 2880; x_wconf 81' lang='lat' dir='ltr'><strong>mutavit</strong></span> 
     </span>
     <span class='ocr_line' id='line_1_26' title="bbox 486 2906 2849 2980; baseline -0.001 -16"><span class='ocrx_word' id='word_1_215' title='bbox 486 2911 752 2980; x_wconf 81' lang='lat' dir='ltr'><strong>Porphyr.</strong></span> <span class='ocrx_word' id='word_1_216' title='bbox 788 2911 858 2965; x_wconf 79' lang='lat' dir='ltr'><strong>ad</strong></span> <span class='ocrx_word' id='word_1_217' title='bbox 891 2911 1057 2965; x_wconf 79' lang='lat' dir='ltr'><strong>Marc.</strong></span> <span class='ocrx_word' id='word_1_218' title='bbox 1093 2910 1187 2966; x_wconf 80' lang='lat'><strong>12:</strong></span> <span class='ocrx_word' id='word_1_219' title='bbox 1214 2906 1311 2961; x_wconf 78' lang='grc' dir='ltr'><strong><em>Ὧν</em></strong></span> <span class='ocrx_word' id='word_1_220' title='bbox 1345 2908 1408 2977; x_wconf 73' lang='grc' dir='ltr'><strong>δὴ</strong></span> <span class='ocrx_word' id='word_1_221' title='bbox 1435 2913 1542 2964; x_wconf 79' lang='grc' dir='ltr'><strong><em>τοῦ</em></strong></span> <span class='ocrx_word' id='word_1_222' title='bbox 1576 2910 1825 2976; x_wconf 70' lang='grc' dir='ltr'><strong><em>σώματος</em></strong></span> <span class='ocrx_word' id='word_1_223' title='bbox 1847 2909 2213 2979; x_wconf 76' lang='grc' dir='ltr'><strong><em>ἀπαλλαγεῖσα</em></strong></span> <span class='ocrx_word' id='word_1_224' title='bbox 2237 2909 2302 2963; x_wconf 81' lang='grc' dir='ltr'><strong><em>οὗ</em></strong></span> <span class='ocrx_word' id='word_1_225' title='bbox 2336 2909 2593 2977; x_wconf 75' lang='grc' dir='ltr'><strong><em>δεηθήσῃ,</em></strong></span> <span class='ocrx_word' id='word_1_226' title='bbox 2630 2912 2849 2962; x_wconf 73' lang='grc' dir='ltr'><strong><em>ἐκείνων</em></strong></span> 
     </span>
     <span class='ocr_line' id='line_1_27' title="bbox 487 2993 2849 3066; baseline 0.002 -20"><span class='ocrx_word' id='word_1_227' title='bbox 487 2995 814 3065; x_wconf 77' lang='grc' dir='ltr'><strong><em>καταφρόνει</em></strong></span> <span class='ocrx_word' id='word_1_228' title='bbox 847 2993 958 3052; x_wconf 77' lang='grc' dir='ltr'><strong>κτλ.</strong></span> <span class='ocrx_word' id='word_1_229' title='bbox 1028 2997 1214 3052; x_wconf 86' lang='lat' dir='ltr'><strong>Etiam</strong></span> <span class='ocrx_word' id='word_1_230' title='bbox 1250 2998 1604 3066; x_wconf 88' lang='lat' dir='ltr'><strong>sequentibus</strong></span> <span class='ocrx_word' id='word_1_231' title='bbox 1640 2997 1820 3054; x_wconf 80' lang='lat' dir='ltr'><strong>verbis</strong></span> <span class='ocrx_word' id='word_1_232' title='bbox 1867 2997 2200 3066; x_wconf 84' lang='lat' dir='ltr'><strong>Porphyrius</strong></span> <span class='ocrx_word' id='word_1_233' title='bbox 2246 3013 2369 3052; x_wconf 89' lang='lat' dir='ltr'><strong>cum</strong></span> <span class='ocrx_word' id='word_1_234' title='bbox 2403 2996 2621 3052; x_wconf 83' lang='lat' dir='ltr'><strong>Biantis</strong></span> <span class='ocrx_word' id='word_1_235' title='bbox 2666 2996 2849 3052; x_wconf 82' lang='lat' dir='ltr'><strong>verbis</strong></span> 
     </span>
     <span class='ocr_line' id='line_1_28' title="bbox 487 3081 2850 3153; baseline 0 -17"><span class='ocrx_word' id='word_1_236' title='bbox 487 3081 632 3138; x_wconf 87' lang='lat' dir='ltr'><strong>Stob.</strong></span> <span class='ocrx_word' id='word_1_237' title='bbox 669 3083 721 3138; x_wconf 88' lang='lat' dir='ltr'><strong>V</strong></span> <span class='ocrx_word' id='word_1_238' title='bbox 767 3082 835 3136; x_wconf 84' lang='lat'><strong>29</strong></span> <span class='ocrx_word' id='word_1_239' title='bbox 881 3099 950 3138; x_wconf 82' lang='lat' dir='ltr'><strong>ex</strong></span> <span class='ocrx_word' id='word_1_240' title='bbox 997 3091 1158 3152; x_wconf 88' lang='lat' dir='ltr'><strong>parte</strong></span> <span class='ocrx_word' id='word_1_241' title='bbox 1203 3083 1490 3139; x_wconf 85' lang='lat' dir='ltr'><strong>consentit.</strong></span> <span class='ocrx_word' id='word_1_242' title='bbox 1576 3084 1885 3153; x_wconf 87' lang='lat' dir='ltr'><strong>Utrumque</strong></span> <span class='ocrx_word' id='word_1_243' title='bbox 1936 3083 2270 3139; x_wconf 87' lang='lat' dir='ltr'><strong>Meinekium</strong></span> <span class='ocrx_word' id='word_1_244' title='bbox 2323 3084 2541 3139; x_wconf 88' lang='lat' dir='ltr'><strong>Stobaei</strong></span> <span class='ocrx_word' id='word_1_245' title='bbox 2586 3082 2850 3137; x_wconf 89' lang='lat' dir='ltr'><strong>editorem</strong></span> 
     </span>
     <span class='ocr_line' id='line_1_29' title="bbox 490 3167 2850 3238; baseline -0.001 -14"><span class='ocrx_word' id='word_1_246' title='bbox 490 3167 745 3238; x_wconf 83' lang='lat' dir='ltr'><strong>effugisse</strong></span> <span class='ocrx_word' id='word_1_247' title='bbox 768 3169 1006 3223; x_wconf 82' lang='lat' dir='ltr'><strong>videtur.</strong></span> <span class='ocrx_word' id='word_1_248' title='bbox 1077 3169 1324 3238; x_wconf 87' lang='lat' dir='ltr'><strong>Denique</strong></span> <span class='ocrx_word' id='word_1_249' title='bbox 1348 3169 1565 3225; x_wconf 85' lang='lat' dir='ltr'><strong>Biantis</strong></span> <span class='ocrx_word' id='word_1_250' title='bbox 1600 3169 1808 3224; x_wconf 88' lang='lat' dir='ltr'><strong>dictum</strong></span> <span class='ocrx_word' id='word_1_251' title='bbox 1832 3169 1977 3225; x_wconf 88' lang='lat' dir='ltr'><strong>Stob.</strong></span> <span class='ocrx_word' id='word_1_252' title='bbox 2013 3170 2065 3225; x_wconf 88' lang='lat' dir='ltr'><strong>V</strong></span> <span class='ocrx_word' id='word_1_253' title='bbox 2087 3170 2156 3224; x_wconf 84' lang='grc'><strong>28</strong></span> <span class='ocrx_word' id='word_1_254' title='bbox 2184 3186 2291 3224; x_wconf 92' lang='lat' dir='ltr'><strong>non</strong></span> <span class='ocrx_word' id='word_1_255' title='bbox 2313 3170 2548 3224; x_wconf 91' lang='lat' dir='ltr'><strong>multum</strong></span> <span class='ocrx_word' id='word_1_256' title='bbox 2571 3172 2850 3223; x_wconf 90' lang='lat' dir='ltr'><strong>mutatum</strong></span> 
     </span>
     <span class='ocr_line' id='line_1_30' title="bbox 487 3254 2854 3325; baseline 0 -17"><span class='ocrx_word' id='word_1_257' title='bbox 487 3254 771 3310; x_wconf 83' lang='lat' dir='ltr'><strong>invenitur</strong></span> <span class='ocrx_word' id='word_1_258' title='bbox 806 3254 1004 3323; x_wconf 88' lang='lat' dir='ltr'><strong>Porph.</strong></span> <span class='ocrx_word' id='word_1_259' title='bbox 1042 3270 1126 3323; x_wconf 89' lang='lat' dir='ltr'><strong>ep.</strong></span> <span class='ocrx_word' id='word_1_260' title='bbox 1164 3255 1234 3310; x_wconf 88' lang='lat' dir='ltr'><strong>ad</strong></span> <span class='ocrx_word' id='word_1_261' title='bbox 1270 3256 1433 3311; x_wconf 85' lang='lat' dir='ltr'><strong>Marc.</strong></span> <span class='ocrx_word' id='word_1_262' title='bbox 1468 3255 1552 3325; x_wconf 79' lang='lat'><strong>29,</strong></span> <span class='ocrx_word' id='word_1_263' title='bbox 1589 3263 1656 3311; x_wconf 90' lang='lat' dir='ltr'><strong>ut</strong></span> <span class='ocrx_word' id='word_1_264' title='bbox 1677 3255 1877 3325; x_wconf 88' lang='lat' dir='ltr'><strong>Porph.</strong></span> <span class='ocrx_word' id='word_1_265' title='bbox 1911 3256 1972 3310; x_wconf 91' lang='lat' dir='ltr'><strong>in</strong></span> <span class='ocrx_word' id='word_1_266' title='bbox 2007 3255 2124 3310; x_wconf 87' lang='lat' dir='ltr'><strong>sola</strong></span> <span class='ocrx_word' id='word_1_267' title='bbox 2158 3256 2230 3311; x_wconf 88' lang='lat' dir='ltr'><strong>ad</strong></span> <span class='ocrx_word' id='word_1_268' title='bbox 2262 3255 2574 3310; x_wconf 82' lang='lat' dir='ltr'><strong>Marcellam</strong></span> <span class='ocrx_word' id='word_1_269' title='bbox 2597 3254 2854 3323; x_wconf 61' lang='lat' dir='ltr'><strong>,epistula</strong></span> 
     </span>
     <span class='ocr_line' id='line_1_31' title="bbox 488 3339 2572 3410; baseline 0 -16"><span class='ocrx_word' id='word_1_270' title='bbox 488 3346 576 3394; x_wconf 86' lang='lat' dir='ltr'><strong>ter</strong></span> <span class='ocrx_word' id='word_1_271' title='bbox 608 3339 809 3395; x_wconf 88' lang='lat' dir='ltr'><strong>Biante</strong></span> <span class='ocrx_word' id='word_1_272' title='bbox 843 3355 977 3394; x_wconf 86' lang='lat' dir='ltr'><strong>usus</strong></span> <span class='ocrx_word' id='word_1_273' title='bbox 1011 3340 1104 3397; x_wconf 84' lang='lat' dir='ltr'><strong>sit.</strong></span> <span class='ocrx_word' id='word_1_274' title='bbox 1536 3340 1559 3372; x_wconf 81' lang='lat'><strong>⁸</strong></span> <span class='ocrx_word' id='word_1_275' title='bbox 1595 3341 1742 3396; x_wconf 88' lang='lat' dir='ltr'><strong>Stob.</strong></span> <span class='ocrx_word' id='word_1_276' title='bbox 1776 3342 1894 3396; x_wconf 88' lang='lat' dir='ltr'><strong>fior.</strong></span> <span class='ocrx_word' id='word_1_277' title='bbox 1932 3342 2015 3397; x_wconf 91' lang='lat' dir='ltr'><strong>ed.</strong></span> <span class='ocrx_word' id='word_1_278' title='bbox 2050 3340 2214 3396; x_wconf 86' lang='lat' dir='ltr'><strong>Mein.</strong></span> <span class='ocrx_word' id='word_1_279' title='bbox 2248 3342 2331 3397; x_wconf 92' lang='lat' dir='ltr'><strong>IV</strong></span> <span class='ocrx_word' id='word_1_280' title='bbox 2365 3357 2417 3410; x_wconf 89' lang='lat' dir='ltr'><strong>p.</strong></span> <span class='ocrx_word' id='word_1_281' title='bbox 2454 3339 2572 3394; x_wconf 78' lang='lat'><strong>280.</strong></span> 
     </span>
    </p>

    <p class='ocr_par' dir='ltr' id='par_1_7' title="bbox 493 3424 2852 3580">
     <span class='ocr_line' id='line_1_32' title="bbox 660 3424 2852 3497; baseline 0 -18"><span class='ocrx_word' id='word_1_282' title='bbox 660 3426 687 3458; x_wconf 82' lang='lat'>⁴</span> <span class='ocrx_word' id='word_1_283' title='bbox 719 3425 804 3480; x_wconf 88' lang='lat' dir='ltr'><strong>De</strong></span> <span class='ocrx_word' id='word_1_284' title='bbox 860 3425 1147 3495; x_wconf 88' lang='lat' dir='ltr'><strong>Apollonio</strong></span> <span class='ocrx_word' id='word_1_285' title='bbox 1198 3426 1417 3496; x_wconf 87' lang='lat' dir='ltr'><strong>scripsit</strong></span> <span class='ocrx_word' id='word_1_286' title='bbox 1464 3426 1588 3482; x_wconf 86' lang='lat' dir='ltr'><strong>Chr.</strong></span> <span class='ocrx_word' id='word_1_287' title='bbox 1636 3428 1786 3482; x_wconf 90' lang='lat' dir='ltr'><strong>Baur</strong></span> <span class='ocrx_word' id='word_1_288' title='bbox 1839 3425 2118 3497; x_wconf 58' lang='lat' dir='ltr'><strong>Tffibinyer</strong></span> <span class='ocrx_word' id='word_1_289' title='bbox 2161 3425 2422 3481; x_wconf 77' lang='lat' dir='ltr'><strong>Zeitschr.</strong></span> <span class='ocrx_word' id='word_1_290' title='bbox 2478 3426 2526 3492; x_wconf 85' lang='lat' dir='ltr'><strong>f.</strong></span> <span class='ocrx_word' id='word_1_291' title='bbox 2570 3424 2852 3495; x_wconf 66' lang='lat' dir='ltr'><strong>stcoloqie</strong></span> 
     </span>
     <span class='ocr_line' id='line_1_33' title="bbox 493 3510 903 3580; baseline 0.005 -16"><span class='ocrx_word' id='word_1_292' title='bbox 493 3510 643 3579; x_wconf 84' lang='lat'><strong>1832,</strong></span> <span class='ocrx_word' id='word_1_293' title='bbox 678 3510 822 3580; x_wconf 84' lang='lat' dir='ltr'><strong>Heft</strong></span> <span class='ocrx_word' id='word_1_294' title='bbox 853 3512 903 3567; x_wconf 89' lang='lat'><strong>4.</strong></span> 
     </span>
    </p>

    <p class='ocr_par' dir='ltr' id='par_1_8' title="bbox 486 3595 2855 3839">
     <span class='ocr_line' id='line_1_34' title="bbox 664 3595 2854 3668; baseline -0.001 -16"><span class='ocrx_word' id='word_1_295' title='bbox 664 3596 689 3628; x_wconf 75' lang='lat'><strong>⁶</strong></span> <span class='ocrx_word' id='word_1_296' title='bbox 724 3597 806 3652; x_wconf 79' lang='lat' dir='ltr'><strong>Of.</strong></span> <span class='ocrx_word' id='word_1_297' title='bbox 842 3597 1019 3653; x_wconf 89' lang='lat' dir='ltr'><strong>Zeller</strong></span> <span class='ocrx_word' id='word_1_298' title='bbox 1054 3598 1143 3652; x_wconf 91' lang='lat'><strong>111</strong></span> <span class='ocrx_word' id='word_1_299' title='bbox 1166 3597 1200 3649; x_wconf 79' lang='lat'>2</span> <span class='ocrx_word' id='word_1_300' title='bbox 1233 3614 1286 3666; x_wconf 89' lang='lat' dir='ltr'><strong>p.</strong></span> <span class='ocrx_word' id='word_1_301' title='bbox 1312 3596 1440 3653; x_wconf 81' lang='lat'>150:</span> <span class='ocrx_word' id='word_1_302' title='bbox 1475 3597 1671 3653; x_wconf 79' lang='lat' dir='ltr'><strong>Sciner</strong></span> <span class='ocrx_word' id='word_1_303' title='bbox 1703 3597 1821 3668; x_wconf 79' lang='lat' dir='ltr'><strong>(des</strong></span> <span class='ocrx_word' id='word_1_304' title='bbox 1855 3597 2209 3668; x_wconf 75' lang='lat' dir='ltr'><strong>Apollonius)</strong></span> <span class='ocrx_word' id='word_1_305' title='bbox 2244 3595 2595 3667; x_wconf 74' lang='lat' dir='ltr'><strong>saqenhafter</strong></span> <span class='ocrx_word' id='word_1_306' title='bbox 2633 3595 2854 3651; x_wconf 74' lang='lat' dir='ltr'><strong>Gestalt</strong></span> 
     </span>
     <span class='ocr_line' id='line_1_35' title="bbox 490 3680 2855 3754; baseline 0 -19"><span class='ocrx_word' id='word_1_307' title='bbox 490 3680 844 3753; x_wconf 71' lang='lat' dir='ltr'><strong>bemiicktiyte</strong></span> <span class='ocrx_word' id='word_1_308' title='bbox 871 3682 989 3737; x_wconf 73' lang='lat' dir='ltr'><strong>sich</strong></span> <span class='ocrx_word' id='word_1_309' title='bbox 1013 3683 1133 3752; x_wconf 79' lang='lat' dir='ltr'><strong>(um</strong></span> <span class='ocrx_word' id='word_1_310' title='bbox 1156 3685 1278 3737; x_wconf 82' lang='lat'><strong>220</strong></span> <span class='ocrx_word' id='word_1_311' title='bbox 1299 3700 1354 3738; x_wconf 73' lang='lat' dir='ltr'><strong>n.</strong></span> <span class='ocrx_word' id='word_1_312' title='bbox 1384 3683 1532 3754; x_wconf 78' lang='lat' dir='ltr'><strong>Chr.)</strong></span> <span class='ocrx_word' id='word_1_313' title='bbox 1567 3683 1960 3752; x_wconf 69' lang='lat' dir='ltr'><strong>Philostratm,</strong></span> <span class='ocrx_word' id='word_1_314' title='bbox 1996 3700 2094 3738; x_wconf 82' lang='lat' dir='ltr'><strong>um</strong></span> <span class='ocrx_word' id='word_1_315' title='bbox 2115 3682 2181 3738; x_wconf 75' lang='lat' dir='ltr'><strong>in</strong></span> <span class='ocrx_word' id='word_1_316' title='bbox 2214 3682 2313 3736; x_wconf 78' lang='lat' dir='ltr'><strong>der</strong></span> <span class='ocrx_word' id='word_1_317' title='bbox 2344 3681 2692 3752; x_wconf 74' lang='lat' dir='ltr'><strong>anycblichen</strong></span> <span class='ocrx_word' id='word_1_318' title='bbox 2715 3680 2855 3735; x_wconf 78' lang='lat' dir='ltr'><strong>Bio-</strong></span> 
     </span>
     <span class='ocr_line' id='line_1_36' title="bbox 486 3766 2850 3839; baseline 0 -17"><span class='ocrx_word' id='word_1_319' title='bbox 486 3766 719 3838; x_wconf 78' lang='lat' dir='ltr'><strong>yraphie</strong></span> <span class='ocrx_word' id='word_1_320' title='bbox 763 3767 856 3823; x_wconf 76' lang='lat' dir='ltr'><strong>des</strong></span> <span class='ocrx_word' id='word_1_321' title='bbox 894 3768 1239 3837; x_wconf 71' lang='lat' dir='ltr'><strong>Tyanensers</strong></span> <span class='ocrx_word' id='word_1_322' title='bbox 1284 3769 1403 3824; x_wconf 72' lang='lat' dir='ltr'><strong>cine</strong></span> <span class='ocrx_word' id='word_1_323' title='bbox 1442 3769 1740 3839; x_wconf 70' lang='lat' dir='ltr'><strong>Apothecae</strong></span> <span class='ocrx_word' id='word_1_324' title='bbox 1785 3769 1878 3825; x_wconf 76' lang='lat' dir='ltr'><strong>cles</strong></span> <span class='ocrx_word' id='word_1_325' title='bbox 1912 3767 2399 3839; x_wconf 71' lang='lat' dir='ltr'><strong>Pythaqorcismm</strong></span> <span class='ocrx_word' id='word_1_326' title='bbox 2443 3784 2512 3821; x_wconf 78' lang='lat' dir='ltr'><strong>zu</strong></span> <span class='ocrx_word' id='word_1_327' title='bbox 2558 3766 2850 3822; x_wconf 74' lang='lat' dir='ltr'><strong>schreibm.</strong></span> 
     </span>
    </p>

    <p class='ocr_par' dir='ltr' id='par_1_9' title="bbox 486 3936 2858 4350">
     <span class='ocr_line' id='line_1_37' title="bbox 665 3936 2850 4010; baseline -0.001 -16"><span class='ocrx_word' id='word_1_328' title='bbox 665 3938 690 3972; x_wconf 80' lang='lat'>⁸</span> <span class='ocrx_word' id='word_1_329' title='bbox 723 3939 858 3995; x_wconf 85' lang='lat' dir='ltr'><strong>Vita</strong></span> <span class='ocrx_word' id='word_1_330' title='bbox 891 3939 1068 4008; x_wconf 91' lang='lat' dir='ltr'><strong>Apoll.</strong></span> <span class='ocrx_word' id='word_1_331' title='bbox 1104 3940 1133 3994; x_wconf 96' lang='lat' dir='ltr'>I</span> <span class='ocrx_word' id='word_1_332' title='bbox 1169 3940 1238 3994; x_wconf 88' lang='grc'><strong>10</strong></span> <span class='ocrx_word' id='word_1_333' title='bbox 1249 3956 1328 4009; x_wconf 87' lang='lat' dir='ltr'><strong>sq.</strong></span> <span class='ocrx_word' id='word_1_334' title='bbox 1408 3941 1489 3995; x_wconf 79' lang='lat' dir='ltr'><strong>Of.</strong></span> <span class='ocrx_word' id='word_1_335' title='bbox 1537 3940 1812 4010; x_wconf 88' lang='lat' dir='ltr'><strong>Apollonii</strong></span> <span class='ocrx_word' id='word_1_336' title='bbox 1857 3939 2148 4009; x_wconf 83' lang='lat' dir='ltr'><strong>epistulam</strong></span> <span class='ocrx_word' id='word_1_337' title='bbox 2183 3939 2401 3995; x_wconf 89' lang='lat' dir='ltr'><strong>XXVII</strong></span> <span class='ocrx_word' id='word_1_338' title='bbox 2448 3936 2552 4007; x_wconf 86' lang='lat' dir='ltr'><strong>(ed.</strong></span> <span class='ocrx_word' id='word_1_339' title='bbox 2587 3937 2850 4006; x_wconf 80' lang='lat' dir='ltr'><strong>Kayser):</strong></span> 
     </span>
     <span class='ocr_line' id='line_1_38' title="bbox 491 4023 2858 4096; baseline 0 -18"><span class='ocrx_word' id='word_1_340' title='bbox 491 4023 596 4079; x_wconf 90' lang='lat' dir='ltr'><strong>Dei</strong></span> <span class='ocrx_word' id='word_1_341' title='bbox 617 4024 894 4079; x_wconf 85' lang='lat' dir='ltr'><strong>sacrificiis</strong></span> <span class='ocrx_word' id='word_1_342' title='bbox 929 4040 1037 4080; x_wconf 89' lang='lat' dir='ltr'><strong>non</strong></span> <span class='ocrx_word' id='word_1_343' title='bbox 1059 4025 1329 4095; x_wconf 87' lang='lat' dir='ltr'><strong>indigent.</strong></span> <span class='ocrx_word' id='word_1_344' title='bbox 1400 4026 1505 4094; x_wconf 82' lang='lat' dir='ltr'><strong>Qui</strong></span> <span class='ocrx_word' id='word_1_345' title='bbox 1529 4026 1805 4096; x_wconf 87' lang='lat' dir='ltr'><strong>sapientes</strong></span> <span class='ocrx_word' id='word_1_346' title='bbox 1851 4030 1983 4080; x_wconf 87' lang='lat' dir='ltr'><strong>sunt</strong></span> <span class='ocrx_word' id='word_1_347' title='bbox 2029 4034 2088 4079; x_wconf 89' lang='lat' dir='ltr'><strong>et</strong></span> <span class='ocrx_word' id='word_1_348' title='bbox 2134 4039 2298 4092; x_wconf 87' lang='lat' dir='ltr'><strong>quam</strong></span> <span class='ocrx_word' id='word_1_349' title='bbox 2338 4023 2574 4078; x_wconf 81' lang='lat' dir='ltr'><strong>maxime</strong></span> <span class='ocrx_word' id='word_1_350' title='bbox 2621 4027 2858 4093; x_wconf 86' lang='lat' dir='ltr'><strong>possunt</strong></span> 
     </span>
     <span class='ocr_line' id='line_1_39' title="bbox 489 4108 2856 4181; baseline 0 -19"><span class='ocrx_word' id='word_1_351' title='bbox 489 4108 752 4164; x_wconf 85' lang='lat' dir='ltr'><strong>beneficia</strong></span> <span class='ocrx_word' id='word_1_352' title='bbox 796 4111 1085 4165; x_wconf 81' lang='lat' dir='ltr'><strong>conferunt</strong></span> <span class='ocrx_word' id='word_1_353' title='bbox 1127 4110 1186 4166; x_wconf 88' lang='lat' dir='ltr'><strong>in</strong></span> <span class='ocrx_word' id='word_1_354' title='bbox 1222 4127 1313 4166; x_wconf 85' lang='lat' dir='ltr'><strong>eos</strong></span> <span class='ocrx_word' id='word_1_355' title='bbox 1347 4112 1444 4179; x_wconf 87' lang='lat' dir='ltr'><strong>qui</strong></span> <span class='ocrx_word' id='word_1_356' title='bbox 1476 4117 1769 4180; x_wconf 89' lang='lat' dir='ltr'><strong>merentur,</strong></span> <span class='ocrx_word' id='word_1_357' title='bbox 1806 4111 1922 4166; x_wconf 85' lang='lat' dir='ltr'><strong>deis</strong></span> <span class='ocrx_word' id='word_1_358' title='bbox 1956 4110 2108 4181; x_wconf 81' lang='lat' dir='ltr'><strong>grati</strong></span> <span class='ocrx_word' id='word_1_359' title='bbox 2141 4116 2288 4179; x_wconf 87' lang='lat' dir='ltr'><strong>sunt,</strong></span> <span class='ocrx_word' id='word_1_360' title='bbox 2324 4126 2446 4165; x_wconf 89' lang='lat' dir='ltr'><strong>cum</strong></span> <span class='ocrx_word' id='word_1_361' title='bbox 2482 4125 2639 4164; x_wconf 85' lang='lat' dir='ltr'><strong>sacra</strong></span> <span class='ocrx_word' id='word_1_362' title='bbox 2670 4109 2856 4163; x_wconf 81' lang='lat' dir='ltr'><strong>facere</strong></span> 
     </span>
     <span class='ocr_line' id='line_1_40' title="bbox 491 4193 2855 4267; baseline 0 -18"><span class='ocrx_word' id='word_1_363' title='bbox 491 4193 659 4249; x_wconf 86' lang='lat' dir='ltr'><strong>etiam</strong></span> <span class='ocrx_word' id='word_1_364' title='bbox 695 4195 747 4249; x_wconf 90' lang='lat' dir='ltr'><strong>ei</strong></span> <span class='ocrx_word' id='word_1_365' title='bbox 782 4196 959 4264; x_wconf 84' lang='lat' dir='ltr'><strong>possin</strong></span> <span class='ocrx_word' id='word_1_366' title='bbox 967 4201 1008 4265; x_wconf 90' lang='lat' dir='ltr'><strong>t,</strong></span> <span class='ocrx_word' id='word_1_367' title='bbox 1044 4196 1139 4265; x_wconf 88' lang='lat' dir='ltr'><strong>qui</strong></span> <span class='ocrx_word' id='word_1_368' title='bbox 1173 4198 1336 4252; x_wconf 89' lang='lat' dir='ltr'><strong>deum</strong></span> <span class='ocrx_word' id='word_1_369' title='bbox 1370 4213 1488 4253; x_wconf 86' lang='lat' dir='ltr'><strong>esse</strong></span> <span class='ocrx_word' id='word_1_370' title='bbox 1521 4202 1745 4267; x_wconf 85' lang='lat' dir='ltr'><strong>negent.</strong></span> <span class='ocrx_word' id='word_1_371' title='bbox 1816 4196 2058 4252; x_wconf 87' lang='lat' dir='ltr'><strong>Cruenta</strong></span> <span class='ocrx_word' id='word_1_372' title='bbox 2091 4195 2356 4251; x_wconf 87' lang='lat' dir='ltr'><strong>sacrificia</strong></span> <span class='ocrx_word' id='word_1_373' title='bbox 2387 4195 2744 4266; x_wconf 86' lang='lat' dir='ltr'><strong>improbabat,</strong></span> <span class='ocrx_word' id='word_1_374' title='bbox 2780 4195 2855 4250; x_wconf 76' lang='lat' dir='ltr'><strong>cf.</strong></span> 
     </span>
     <span class='ocr_line' id='line_1_41' title="bbox 486 4279 1100 4350; baseline 0.005 -16"><span class='ocrx_word' id='word_1_375' title='bbox 486 4279 669 4336; x_wconf 85' lang='lat' dir='ltr'><strong>Zeller</strong></span> <span class='ocrx_word' id='word_1_376' title='bbox 702 4280 792 4335; x_wconf 93' lang='lat' dir='ltr'><strong>III</strong></span> <span class='ocrx_word' id='word_1_377' title='bbox 826 4282 860 4334; x_wconf 83' lang='lat'>2</span> <span class='ocrx_word' id='word_1_378' title='bbox 893 4298 946 4350; x_wconf 87' lang='lat' dir='ltr'><strong>p.</strong></span> <span class='ocrx_word' id='word_1_379' title='bbox 985 4281 1100 4337; x_wconf 79' lang='lat'><strong>157.</strong></span> 
     </span>
    </p>

    <p class='ocr_par' dir='ltr' id='par_1_10' title="bbox 668 4367 2048 4440">
     <span class='ocr_line' id='line_1_42' title="bbox 668 4367 2048 4440; baseline 0.002 -20"><span class='ocrx_word' id='word_1_380' title='bbox 668 4367 688 4399; x_wconf 78' lang='lat'>⁷</span> <span class='ocrx_word' id='word_1_381' title='bbox 723 4368 752 4421; x_wconf 91' lang='grc' dir='ltr'>Ι</span> <span class='ocrx_word' id='word_1_382' title='bbox 787 4367 872 4437; x_wconf 84' lang='lat'><strong>34,</strong></span> <span class='ocrx_word' id='word_1_383' title='bbox 910 4368 957 4423; x_wconf 91' lang='lat'><strong>1.</strong></span> <span class='ocrx_word' id='word_1_384' title='bbox 1167 4368 1190 4400; x_wconf 75' lang='lat'><strong>⁸</strong></span> <span class='ocrx_word' id='word_1_385' title='bbox 1224 4369 1305 4424; x_wconf 93' lang='lat' dir='ltr'><strong>IV</strong></span> <span class='ocrx_word' id='word_1_386' title='bbox 1338 4368 1425 4440; x_wconf 86' lang='lat'><strong>40,</strong></span> <span class='ocrx_word' id='word_1_387' title='bbox 1459 4369 1509 4425; x_wconf 80' lang='lat'><strong>2.</strong></span> <span class='ocrx_word' id='word_1_388' title='bbox 1713 4367 1738 4400; x_wconf 81' lang='lat'><strong>⁹</strong></span> <span class='ocrx_word' id='word_1_389' title='bbox 1771 4368 1855 4425; x_wconf 90' lang='lat' dir='ltr'><strong>IV</strong></span> <span class='ocrx_word' id='word_1_390' title='bbox 1887 4368 2048 4437; x_wconf 77' lang='lat' dir='ltr'><strong>40sq.</strong></span> 
     </span>
    </p>
   </div>
  </div>
 </body>
</html>
