3509 5067
636 375 722 441 52
1542 370 1811 426 Henricus
1847 370 2090 425 Schmidt
2433 319 2438 322 -
2885 372 2994 460 [52

638 543 880 625 quitur,
917 542 1016 608 ita
1037 542 1398 608 Procius
1420 541 1445 579 ¹
1484 559 1738 622 quoque
1761 539 1850 625 (p.
1882 540 2031 606 Chr.
2052 559 2115 605 n.
2140 540 2634 626 410s11—485),
2673 560 2819 608 cum
2849 543 2996 627 σφι

638 648 720 712 de
748 643 1058 728 precibus
1079 643 1124 718 ²,
1152 663 1298 711 eum
1333 642 1611 726 respicit
1632 642 1677 709 ⁸.
1734 643 2106 710 Secundum
2127 642 2562 709 Iamblichum
2591 647 2662 710 et
2688 644 2798 711 Ps.
2826 645 2995 711 Iam-

635 746 928 814 blichum
971 745 1354 828 precatione
1410 745 1667 811 animus
1723 747 1812 811 ad
1870 747 2061 811 deum
2122 763 2194 811 se
2238 743 2497 811 confert
2554 749 2626 810 et
2682 745 2998 830 confugit.

638 848 919 916 Arcanis
978 847 1320 931 symbolis,
1378 865 1550 929 quae
1608 849 1772 913 deus
1833 846 2070 913 animis
2127 846 2377 931 infixit,
2441 852 2791 929 precantes
2848 868 2995 915 cum

638 954 760 1018 deo
831 950 1349 1033 coniunguntur,
1415 950 1603 1016 cuius
1667 949 1982 1016 bonorum
2059 949 2424 1032 participes
2496 950 2665 1023 fiunt
2683 951 2728 1016 ⁴.
2843 952 2995 1034 Ipse

639 1071 910 1135 quoque.
938 1057 1078 1118 tres
1112 1051 1554 1135 condicioneS,
1597 1051 1733 1118 tria
1776 1051 2228 1133 precationum
2271 1071 2521 1135 genera
2565 1052 2790 1119 affert:

750 1172 805 1238 Ι.
849 1171 1181 1254 Imprimis
1228 1171 1513 1237 scientia
1569 1171 1856 1237 omnium
1915 1169 2286 1238 divinorum
2330 1171 2629 1238 ordinum
2672 1190 2835 1253 quos
2878 1173 2995 1240 im-

843 1273 1063 1356 plorat
1107 1273 1222 1355 qui
1265 1278 1597 1356 precatur,
1641 1292 1805 1356 opus
1849 1277 1963 1340 est
1975 1273 2020 1340 ⁶.
2765 1345 2770 1350 ,

716 1376 804 1443 Π.
846 1375 1156 1442 Puritate
1202 1379 1401 1457 atque
1442 1375 1811 1442 sanctitate
1849 1375 2377 1443 benevolentiam
2419 1375 2842 1459 favoremque
2887 1379 2997 1445 de-

843 1497 1026 1545 orum
1069 1478 1364 1545 homines
1407 1477 1538 1545 sibi
1581 1478 1940 1545 conciliant
1962 1478 2006 1543 ⁶.

681 1581 804 1648 III.
850 1580 1150 1648 Tertium
1194 1581 1596 1661 precationis
1647 1600 1857 1664 genus
1901 1581 2055 1647 unio
2116 1587 2218 1648 est
2261 1579 2579 1664 perfecta,
2625 1601 2757 1663 qua
2799 1583 2996 1649 artis-

843 1683 1006 1749 sime
1051 1682 1540 1765 coniunguntur
1583 1702 1729 1750 cum
1761 1686 1882 1750 deo
1926 1684 2218 1751 homines
2249 1687 2384 1766 aut,
2428 1687 2505 1749 ut
2549 1685 2634 1751 ab
2664 1685 2948 1751 oraculis
2973 1685 2998 1722 ⁷

847 1785 1224 1867 appellatur
1268 1779 1640 1869 ἐμπέλασις,
1684 1805 1815 1867 qua
1859 1787 2078 1853 anima
2123 1786 2529 1867 conquiescit
2569 1787 2640 1852 in
2687 1788 2807 1854 deo
2828 1787 2871 1852 ⁸.

813 1905 1054 1971 Nostra
1107 1908 1309 1987 atque
1368 1906 1631 1972 deorum
1693 1900 1972 1989 ἐνέργεια
2027 1924 2161 1971 una
2214 1909 2334 1988 est,
2391 1923 2522 1971 non
2582 1905 2713 1972 iam
2770 1906 2998 1989 nostri,

642 2009 759 2074 sed
803 2009 1066 2074 deorum
1111 2026 1349 2074 sumus,
1434 2007 1770 2090 Imprimis
1823 2008 2033 2091 igitur
2075 2006 2514 2074 necessarium
2558 2012 2661 2074 est
2706 2009 2996 2076 homines

641 2109 934 2192 precari;
977 2111 1229 2177 nullum
1274 2110 1595 2176 hominem
1639 2114 1941 2177 sanctum
1986 2115 2055 2177 et
2105 2110 2359 2177 virtute
2380 2109 2408 2148 ⁹
2450 2111 2840 2194 praeditum,
2883 2111 2997 2193 qui

643 2212 784 2279 deis
827 2212 1062 2279 similis
1106 2212 1252 2280 fieri
1294 2214 1459 2298 vult,
1512 2213 1958 2296 precationem
2013 2214 2369 2296 neglegere
2406 2216 2617 2280 decet
2637 2213 2713 2279 ¹⁰.
2812 2215 2997 2298 Quae

818 2382 839 2414 ¹
861 2383 1011 2451 Quae
1029 2383 1252 2439 Proclus
1270 2389 1328 2439 et
1343 2383 1914 2439 Pseudo-Iamblichus
1933 2383 2352 2451 explicaverunt
2369 2383 2437 2438 de
2460 2382 2726 2452 precibus,
2745 2384 2996 2439 imitatus

643 2474 730 2523 est
764 2473 955 2524 auctor
977 2469 1198 2538 quidam
1234 2469 1579 2537 christianae,
1603 2469 1670 2523 cf.
1694 2468 1848 2523 Koch
1869 2468 1965 2524 Ps.
2001 2466 2314 2539 Dionysius
2334 2468 2670 2539 Areopaqita
2693 2485 2743 2539 p.
2770 2468 2873 2523 178
2882 2485 2997 2538 sqq.

814 2552 838 2585 ⁹
885 2553 1159 2622 Imprimis
1207 2553 1331 2623 agit
1375 2555 1442 2609 de
1475 2553 1724 2623 precibus
1772 2553 1831 2618 in
1876 2554 2260 2609 commentario
2311 2554 2370 2608 in
2416 2554 2664 2610 Platonis
2713 2554 2997 2610 Timaeum

643 2637 774 2693 65A
787 2654 903 2707 sqq.
974 2638 1191 2708 Optime
1226 2637 1407 2694 Procli
1451 2640 1518 2693 de
1551 2638 1952 2708 precationibus
1999 2639 2300 2694 sententias
2350 2639 2659 2695 illustravit
2692 2639 2845 2695 Koch
2879 2639 2916 2695 l.
2952 2655 2997 2694 c.

643 2739 697 2792 p.
734 2722 836 2778 178
847 2739 962 2793 sqq.
978 2765 991 2792 ,
1052 2740 1189 2793 quas
1235 2724 1302 2780 ob
1349 2740 1470 2779 eam
1517 2740 1632 2779 rem
1677 2723 1995 2779 brevissime
2040 2724 2311 2793 explicare
2358 2724 2497 2779 mihi
2553 2725 2701 2781 licet.
2779 2724 3002 2779 Proclus

645 2809 908 2876 quomodo
940 2808 1271 2865 iudicaverit
1304 2809 1370 2865 de
1405 2809 1594 2866 tacitis
1628 2809 1894 2879 precibus,
1930 2810 2170 2865 ostendit
2203 2810 2355 2864 Koch
2389 2811 2426 2864 l.
2463 2826 2507 2865 c.
2542 2827 2596 2880 p.
2624 2810 2725 2865 128
2735 2826 2852 2878 sqq.
2919 2811 3003 2865 De

646 2893 836 2950 multis
869 2895 1051 2950 Procli
1084 2894 1332 2965 precibus
1368 2900 1428 2951 et
1460 2894 1740 2952 sacrificiis
1776 2894 1842 2949 cf.
1867 2894 2126 2963 Marinus,
2162 2895 2283 2951 vita
2316 2895 2497 2951 Procli
2530 2911 2575 2950 c.
2614 2895 2680 2949 19
2692 2912 2801 2964 sq.;
2837 2911 2881 2950 c.
2918 2894 2999 2950 17.

820 2978 844 3011 ⁸
878 2981 1085 3036 Tamen
1127 2980 1282 3035 valet
1325 2980 1468 3049 quod
1513 2980 1649 3036 dicit
1694 2980 1874 3035 Zeller
1918 2981 2009 3035 III
2043 2979 2077 3032 2
2123 2997 2175 3049 p.
2221 2980 2341 3049 699,
2377 2981 2437 3035 2:
2490 2980 2637 3034 Abcr
2676 2979 2820 3036 dicae
2860 2981 3003 3035 Aus-

643 3063 895 3135 fiae‘hrunq
927 3064 1093 3120 selbot
1121 3064 1202 3120 ist
1231 3064 1351 3120 sein
1374 3066 1582 3136 ciqmes
1615 3064 1791 3136 Werk,
1828 3065 1948 3120 und
1979 3082 2137 3120 wenn
2171 3082 2231 3120 er
2264 3065 2405 3120 auch
2438 3082 2550 3119 nur
2583 3067 2722 3136 saqt,
2759 3082 2820 3120 er
2852 3065 3004 3120 welle

645 3148 816 3203 damin
846 3149 948 3215 τήν
968 3169 1029 3201 τε
1064 3151 1269 3202 ἐκείνου
1305 3152 1447 3219 σαφῆ
1470 3153 1691 3215 ποιῆσαι
1712 3147 1958 3203 διάνοιαν
1991 3154 2082 3200 καὶ
2111 3153 2194 3215 τῷ
2221 3148 2482 3203 Πλάτωνι
2517 3151 2839 3219 συμφώνους
2872 3148 3006 3202 ἀπο·

646 3230 836 3286 δοῦναι
871 3233 1000 3289 τοὺς
1032 3238 1160 3303 περὶ
1193 3233 1342 3301 εὐχῆς
1373 3232 1578 3302 λόγους,
1625 3252 1686 3290 80
1733 3235 1879 3291 sieht
1921 3253 2055 3291 man
2102 3236 2237 3292 doch
2283 3236 2547 3308 deutlich,
2595 3236 2706 3303 ᾱαβ
2748 3253 2809 3291 er
2851 3235 3006 3291 nicht

648 3319 817 3387 mehr,
865 3318 953 3374 alc
997 3318 1102 3373 den
1135 3319 1488 3392 allgemeinen
1527 3320 1823 3377 chanken
1858 3320 2132 3376 derselben
2165 3337 2271 3376 von
2304 3321 2584 3378 Jamblich
2619 3320 2863 3376 cntlclmt
2893 3321 3002 3376 hat.

819 3404 847 3436 ⁴
880 3405 944 3459 P.
978 3403 1196 3466 65AB:
1237 3406 1393 3474 Πρὸς
1428 3402 1486 3456 δὲ
1505 3403 1608 3469 τὴν
1637 3405 1973 3477 ἐπιστροφὴν
1994 3405 2198 3471 ταύτην
2222 3405 2254 3470 ἦ
2279 3404 2403 3472 εὐχὴ
2426 3410 2687 3472 μεγίστην
2713 3409 3005 3478 παρέχεται

647 3486 956 3541 συντέλειαν
991 3486 1280 3558 συμβόλοις
1313 3487 1559 3561 ἀῤῥήτοις
1591 3493 1708 3543 τῶν
1742 3491 1918 3551 θεῶν,
1964 3488 1999 3542 ἃ
2034 3493 2151 3543 τῶν
2189 3493 2375 3559 ψυχῶν
2409 3490 2441 3544 ὁ
2476 3493 2656 3559 πατὴρ
2697 3492 3006 3560 ἐνέσπειρεν

648 3571 850 3644 αὐταῖς,
883 3576 998 3626 τῶν
1032 3575 1188 3626 θεῶν
1219 3575 1321 3640 τὴν
1343 3574 1587 3628 εὐποιίαν
1611 3573 1839 3628 ἕλκουσα
1864 3578 1937 3631 εἰς
1960 3574 2158 3640 ἑαυτὴν
2182 3580 2270 3629 καὶ
2295 3577 2493 3628 ἐνοῦσα
2513 3579 2618 3643 μὲν
2638 3575 2765 3630 τοῦς
2789 3570 3006 3641 εὐχομέ-

647 3678 774 3714 νους
808 3659 1047 3719 ἐκείνοις,
1082 3658 1218 3728 πρὸς
1254 3657 1345 3715 οὓς
1366 3657 1632 3723 εὔχονται,
1669 3660 2017 3713 συνάπτουσα
2052 3658 2109 3712 δὲ
2143 3665 2231 3713 καὶ
2263 3660 2365 3713 τὸν
2386 3663 2504 3714 τῶν
2527 3663 2681 3713 θεῶν
2701 3663 2838 3713 νοῦν
2870 3658 3006 3729 πρὸς
3032 3667 3037 3672 ’

646 3742 774 3799 τοὺς
816 3746 932 3796 τῶν
965 3743 1275 3811 εὐχομένων
1309 3743 1512 3815 λόγους,
1546 3747 1772 3799 κινοῦσα
1806 3743 1865 3798 δὲ
1897 3747 1999 3810 τὴν
2033 3744 2290 3815 βούλησιν
2322 3748 2438 3798 τῶν
2471 3743 2681 3801 τελείως
2713 3744 2782 3797 τὰ
2816 3744 3006 3817 α’γαθά

648 3828 1014 3900 περιεχόντων
1049 3831 1110 3882 ἐν
1144 3831 1356 3886 ἑαυτοῖς
1391 3832 1481 3883 hm
1528 3829 1625 3897 τὴν
1657 3828 1920 3900 ἄφθονον
1954 3829 2136 3884 αὐτῶν
2168 3829 2477 3897 μετάδοσιν,
2512 3833 2743 3887 πειθοῦς
2777 3851 2835 3884 τε
2872 3823 3007 3883 οὖσα

647 3915 744 3980 τῆς
778 3914 938 3969 θείας
972 3911 1290 3985 δημιουργὸς
1323 3920 1413 3967 καὶ
1445 3913 1547 3969 ὅλα
1579 3915 1648 3968 τὰ
1684 3915 1918 3985 ἡμέτερα
1962 3931 2076 3972 τοτς
2110 3918 2263 3972 θεοῖς
2299 3913 2632 3987 ἐνιδρύουσα.

821 4000 847 4033 ⁸
880 3999 1024 4055 6513.
1231 4000 1257 4034 ⁸
1289 4001 1516 4057 Ibidem.
1726 4002 1748 4034 ⁷
1782 4001 1937 4058 Orac.
1973 4002 2147 4058 chald.
2183 4002 2268 4058 53.
2304 4002 2391 4058 55.

822 4084 846 4117 ⁸
880 4084 962 4140 ct.
997 4085 1090 4141 lib.
1127 4085 1195 4141 de
1229 4091 1450 4154 myster.
1484 4103 1536 4156 p.
1573 4087 1691 4157 237,
1730 4086 1984 4156 14—238,
2019 4089 2069 4142 5.

821 4169 847 4203 ⁹
880 4170 961 4225 cf.
985 4171 1320 4240 Porphyrius
1342 4171 1486 4226 6413.
1551 4172 1735 4228 Solum
1760 4173 1966 4228 virtute
1987 4173 2298 4243 praeditum
2321 4173 2532 4243 precari
2554 4173 2743 4230 decere
2767 4172 3008 4227 affirmat

653 4255 875 4311 Proclus
908 4256 1196 4311 Platonem
1230 4263 1463 4327 secutus,
1498 4256 1566 4312 cf.
1603 4258 1780 4328 Legg.
1817 4258 1917 4312 717
1935 4258 2000 4327 A,
2036 4257 2142 4313 910
2152 4259 2219 4314 Ε.
2517 4303 2520 4306 .

792 4339 840 4373 ²⁰
872 4340 1083 4396 65BC:
1131 4339 1296 4408 Τρίτη
1331 4339 1387 4392 δὲ
1421 4339 1454 4405 ἦ
1493 4342 1701 4410 συναφή
1737 4383 1750 4397 .
1780 4384 1792 4397 .
1828 4340 1861 4407 ἡ
1896 4345 2023 4412 περὶ
2056 4341 2225 4397 θεούς
2259 4344 2409 4394 ἐστιν
2442 4342 2672 4408 ὁσιότης.
2737 4342 2820 4399 Cf.
2854 4341 3005 4411 6513,
