3509 5067
658 374 746 441 36
1558 371 1829 428 Henricus
1864 371 2112 428 Schmidt
2913 373 3024 462 [36

654 544 834 626 dare,
900 543 1147 611 Seneca
1214 544 1296 609 de
1351 542 1565 610 benef.
1623 543 1723 609 IV
1765 545 1825 626 4,
1870 545 1911 609 2
1971 547 2223 609 censet:
2289 543 2428 607 Hoc
2487 546 2598 629 qui
2655 543 2822 627 dicit,
2891 565 3020 611 non

655 645 913 711 exaudit
946 646 1340 730 precantium
1383 666 1549 710 voces
1591 651 1648 710 et
1687 645 1967 729 undique
2023 644 2283 709 sublatis
2338 647 2409 710 in
2453 645 2690 711 caelum
2736 648 3027 713 manibus

653 755 795 813 vota
833 750 1200 830 facientium
1241 749 1488 832 privata
1531 768 1605 812 ac
1640 748 1912 832 publica,
1971 747 2138 834 quod
2187 748 2461 832 profecto
2501 769 2631 813 non
2684 750 2870 831 fieret
2911 770 3022 816 nec

653 853 729 917 in
769 851 934 916 hanc
980 852 1264 932 furorem
1309 870 1519 915 omnes
1571 851 1865 916 mortales
1924 853 2371 916 consensissent
2413 852 2792 937 adloquendi
2823 854 3021 919 surda

657 955 923 1018 numina
964 958 1021 1018 et
1061 953 1409 1035 inefficaces
1448 953 1608 1036 deos,
1655 955 1781 1018 nisi
1827 973 2138 1018 nossem-ns
2192 954 2450 1018 illoram
2509 953 2795 1037 beneficia
2850 976 3022 1021 nnnc

655 1056 858 1121 oblata
914 1056 1096 1139 altro,
1155 1075 1328 1120 nunc
1386 1056 1710 1120 orantibus
1766 1055 1950 1137 data,
2014 1076 2269 1141 mayna,
2328 1059 2689 1142 tempestiva,
2746 1059 3018 1140 inqentes

654 1160 868 1223 minas
906 1160 1251 1223 interventa
1289 1178 1403 1223 suo
1443 1159 1738 1223 solventia
1758 1160 1802 1223 ¹.

826 1277 1118 1346 Similem
1183 1278 1474 1346 Senecae
1547 1278 1873 1344 rationem
1945 1277 2016 1344 in
2088 1278 2503 1361 philosophia
2573 1283 2840 1346 secutus
2914 1285 3018 1347 est

655 1382 724 1448 C.
753 1381 1192 1450 Musonius
1224 1382 1434 1448 Rufus
1465 1381 1742 1465 Stoicus»,
1786 1401 1978 1463 quem
2025 1401 2195 1448 anno
2231 1402 2293 1464 p.
2325 1382 2472 1449 Chr.
2515 1402 2577 1449 n.
2608 1383 3019 1467 sexagesimo

540 1526 548 1532 -
654 1484 887 1567 quinto
909 1485 1117 1552 Roma
1140 1485 1397 1567 expulit
1417 1484 1590 1550 Nero
1613 1485 1795 1569 (Tac.
1818 1484 2036 1550 annal.
2058 1484 2190 1552 XV
2216 1485 2340 1570 71).
2383 1485 2729 1552 Publicum
2755 1488 3018 1553 deorum

653 1588 920 1671 cultum,
964 1588 1077 1669 qui
1109 1586 1450 1654 sacrificiis
1479 1586 1760 1667 aliisque
1798 1587 2214 1654 caerimoniis
2260 1588 2654 1671 continetur,
2698 1607 2829 1654 non
2872 1607 3019 1656 esse

652 1690 1139 1773 neglegendum
1184 1689 1406 1756 docuit
1425 1689 1468 1755 2.
1554 1690 1658 1756 De
1701 1690 2010 1773 precibus
2055 1690 2164 1757 hic
2207 1691 2388 1757 locus
2431 1694 2607 1774 apud
2650 1691 3018 1758 Musonium

653 1797 877 1859 exstat
898 1793 954 1858 ⁸:
1006 1791 1156 1857 θεοὶ
1183 1790 1306 1877 γὰρ
1351 1790 1887 1877 ἐπιτροπεύουσιν
1929 1792 2117 1857 αὐτὸν
2158 1790 2294 1879 (τὸν
2333 1793 2581 1878 γάμον),
2625 1793 2801 1858 καθὸ
2844 1796 3016 1875 νομί-

657 1893 874 1975 ζονται
943 1894 1104 1979 παρ’
1180 1893 1563 1980 ἀνθρώποις
1617 1895 1904 1979 μεγάλοι.
1951 1943 1966 1959 .
2015 1945 2029 1961 .
2076 1946 2092 1963 .
2150 1894 2314 1959 πότε
2366 1894 2519 1959 &ov
2576 1894 3022 1982 εὐκαιρότερον

653 1995 909 2077 εὕξαιτό
944 2018 1045 2073 τις
1085 2006 1226 2073 τοῖς
1267 2000 1454 2074 θεοῖς
1493 1999 1745 2072 τούτοις
1785 1993 1826 2079 ἢ
1871 1996 2036 2083 πρὸς
2076 2000 2283 2080 γάμον
2326 1995 2474 2072 ἰών,·

825 2100 1035 2184 Epic
1053 2106 1133 2167 te
1150 2105 1289 2167 tus
1334 2100 1668 2184 Phrygius
1707 2100 1994 2167 Musonii
2022 2100 2175 2168 Rufi
2206 2101 2570 2168 sententias
2601 2103 3019 2183 sequebatur.

653 2203 725 2269 Is
747 2203 818 2269 in
850 2204 1022 2270 Man.
1053 2204 1135 2269 31
1169 2207 1543 2286 praecepta,
1576 2222 1746 2284 quae
1779 2205 1866 2269 ad
1895 2205 2162 2270 deorum
2195 2204 2443 2270 cultum
2473 2204 2827 2288 pertinent,
2868 2206 3017 2271 bre-

653 2305 830 2374 viter
854 2306 1225 2388 complexus
1247 2310 1368 2372 est.
1413 2305 1660 2373 Summi
1679 2306 1991 2372 momenti
2013 2310 2119 2372 est
2141 2325 2258 2372 nos
2282 2310 2465 2373 recte
2497 2310 2577 2373 de
2601 2307 2740 2373 deis
2769 2307 3020 2374 sentire

652 2412 727 2474 et
769 2409 1105 2476 voluntati
1134 2408 1402 2474 divinae
1430 2409 1646 2475 hilare
1687 2408 1991 2490 laeteque
2028 2428 2262 2490 parere
2280 2408 2328 2493 ⁴,
2372 2411 2540 2490 quod
2570 2409 2766 2475 unius
2809 2410 3016 2491 philo·

652 2511 843 2594 sophi
888 2517 1007 2577 est.
1094 2511 1240 2577 Non
1282 2508 1363 2574 τὰ
1397 2509 1513 2575 οὐκ
1557 2509 1666 2597 ἐφ’
1708 2509 1860 2594 ἡμῖν
1901 2512 2098 2597 (bona
2126 2510 2438 2597 corporis)
2482 2513 2656 2578 bona
2699 2515 2856 2577 sunt
2900 2516 3021 2580 aut

652 2615 848 2697 mala,
907 2617 1138 2680 contra
1183 2610 1251 2677 ἐν
1291 2622 1432 2689 τοῖς
1487 2611 1595 2697 ἐφ’
1643 2611 1791 2696 ἡμῖν
1846 2616 2087 2681 bonum
2152 2616 2519 2697 ponendum
2564 2619 2687 2681 est.
2787 2614 3021 2681 Tertia

652 2717 873 2782 cultus
918 2717 1186 2782 deorum
1248 2735 1407 2799 pars
1467 2716 1817 2783 sacrificiis
1860 2718 2296 2799 precibusque
2341 2717 2719 2783 continetur
2739 2718 2781 2801 ⁶,
2848 2735 3020 2798 quae

652 2837 784 2885 non
826 2820 1075 2904 valent,
1123 2818 1252 2885 nisi
1295 2819 1411 2902 pia
1454 2818 1526 2885 in
1570 2819 1829 2887 homine
1872 2839 2056 2887 mens
2118 2825 2223 2886 est
2242 2819 2286 2886 ⁶.
2370 2819 2598 2886 Ritum
2664 2838 2843 2887 more
2884 2838 3021 2885 ma-

829 2990 850 3022 ¹
890 2991 971 3046 Of.
1008 2991 1225 3046 Platon.
1260 2990 1411 3061 legg.
1454 3007 1507 3059 p.
1542 2989 1645 3044 887
1681 2990 1782 3046 sub
1828 2991 2007 3046 finem.
2043 2990 2246 3046 Seneca
2292 3006 2503 3059 quoque
2550 2990 2677 3045 deos
2712 2990 3020 3045 hominibus

651 3075 954 3145 prospicere
1002 3080 1061 3131 et
1107 3077 1387 3132 consulere
1434 3075 1585 3143 (licit,
1634 3092 1744 3145 qua
1789 3076 2095 3131 conditione
2141 3076 2361 3131 sublata
2406 3075 2745 3145 precationes
2790 3075 3018 3131 inutiles

650 3166 861 3216 essent:
910 3161 977 3215 cf.
1014 3162 1082 3216 de
1117 3163 1240 3217 ben.
1275 3163 1358 3218 IV
1392 3163 1441 3231 4,
1478 3162 1539 3230 33
1576 3177 1621 3217 c.
1657 3161 1824 3230 5-83
1860 3161 1971 3215 VII
2004 3161 2088 3232 31,
2125 3162 2175 3218 4.

647 3241 691 3307 .’
827 3245 851 3277 ¹¹
886 3247 988 3302 Ed.
1025 3248 1354 3316 Peerlkamp
1399 3263 1453 3316 p.
1490 3246 1594 3301 205
1627 3253 1686 3302 et
1730 3264 1786 3315 p.
1821 3246 1953 3316 221;
1999 3246 2289 3301 Bonhoffer
2332 3247 2369 3301 1.
2406 3263 2450 3301 c.
2486 3263 2539 3317 p.
2575 3246 2670 3301 85:
2718 3245 3019 3301 Durchans

644 3330 856 3400 positio
891 3331 994 3384 hat
1025 3331 1145 3386 sich
1179 3332 1481 3387 Musonius
1513 3348 1620 3386 zur
1664 3331 2055 3401 Volksreliyion
2085 3332 2312 3401 gestellt.
2381 3331 2471 3386 Er
2502 3331 2721 3386 reclinet
2755 3331 2843 3385 die
2865 3330 3020 3385 Dar-

653 3415 930 3487 brinyuny
963 3432 1072 3472 von
1100 3416 1312 3486 Opfern
1349 3416 1463 3471 und
1492 3417 1687 3473 Gaben
1720 3434 1800 3472 an
1834 3416 1923 3471 die
1952 3416 2147 3472 Gotter
2176 3434 2248 3471 zu
2283 3416 2388 3472 den
2421 3417 3019 3472 selbstverstiindlichen

657 3501 951 3571 Ptlichten.
1268 3503 1291 3536 ⁸
1323 3519 1376 3573 p.
1412 3503 1531 3559 221.

827 3589 854 3620 ⁴
887 3588 968 3642 Cf..
989 3605 1132 3643 man.
1159 3589 1242 3657 15,
1271 3590 1351 3659 17,
1376 3590 1444 3643 52
1464 3610 1478 3659 3
1505 3589 1633 3644 diss.
1656 3589 1705 3659 4,
1727 3588 1776 3659 1,
1798 3588 1891 3658 13;
1928 3588 1977 3658 2,
2004 3588 2085 3659 16,
2109 3589 2204 3658 42;
2228 3605 2412 3658 preces
2435 3589 2494 3644 in
2517 3593 2808 3658 conspectu
2829 3587 3018 3642 mortis

652 3674 961 3729 fundendae
996 3681 1485 3731 commemorantur
1523 3675 1651 3731 diss,
1688 3675 1737 3744 4,
1766 3673 1849 3738 10,
1889 3675 1955 3728 14
1967 3691 2110 3744 sqq.;
2147 3675 2196 3745 3,
2232 3675 2317 3743 24,
2352 3674 2607 3729 96-102.

826 3759 851 3792 ⁶
885 3760 966 3815 Cf.
1015 3760 1144 3817 diss.
1193 3762 1243 3829 3,
1292 3761 1376 3830 21,
1427 3761 1493 3813 12
1505 3777 1650 3829 sqq.:
1697 3757 1825 3811 Ἀλλ’
1874 3757 1984 3812 ἀπὸ
2018 3758 2231 3825 λιμένος
2275 3762 2379 3826 μὲν
2425 3756 2595 3814 οὐδεὶς
2639 3757 2902 3829 ἀνάγεται
2944 3757 3019 3824 μὴ

652 3846 830 3900 θύσας
863 3858 978 3900 τοῖς
1012 3848 1169 3898 θεοῖς
1203 3850 1293 3898 καὶ
1326 3843 1700 3913 παρακαλέσας
1736 3843 1938 3900 αὐτοὺς
1973 3844 2218 3910 βοηθοὺς
2254 3842 2377 3897 οὐδὲ
2412 3852 2724 3913 σπείρουσιν
2759 3841 2934 3905 ἄλλως
2966 3845 3020 3895 οἱ

650 3928 962 4001 ἅνθρωποι,
1000 3932 1050 3982 εἰ
1083 3931 1157 3996 μὴ
1172 3930 1282 3995 τὴν
1305 3931 1364 3982 Δ
1369 3929 1608 3999 ᾆμητραν
1633 3928 2096 3996 ἐπικαλεσάμενοι,
2130 3929 2446 3996 τηλικούτου
2482 3927 2528 3981 δ’
2544 3931 2702 4000 ἔργου
2740 3926 3021 3998 ἁψάμενός

651 4037 733 4071 τις
755 4013 883 4067 ἄνευ
907 4019 1063 4067 θεῶν
1086 4010 1336 4084 ἀσφαλῶς
1358 4013 1563 4085 ἅψεται
1581 4019 1669 4067 καὶ
1687 4019 1739 4068 οἱ
1763 4016 1943 4080 τούτῳ
1966 4015 2283 4083 προσιόντες
2307 4013 2533 4078 εύτυχῶς
2555 4012 3019 4082 προσελεύσονται.

650 4102 738 4158 Of.
774 4101 1035 4157 Antonin.
1073 4119 1260 4158 comm.
1297 4102 1379 4157 VI
1424 4102 1494 4156 23
1582 4103 1729 4158 Plat.
1765 4102 1907 4158 Tim.
1942 4119 1995 4171 p.
2032 4103 2102 4156 27
2126 4103 2185 4157 O.
2221 4102 2520 4170 Xenophon
2556 4100 2748 4156 Oecon.
2784 4100 2868 4155 VI
2903 4099 2952 4153 1.

676 4191 683 4201 ⁴
831 4188 855 4222 ⁶
889 4188 972 4243 Cf.
1011 4205 1153 4243 man.
1190 4189 1273 4258 31,
1311 4189 1372 4256 1;
1409 4189 1538 4244 diss.
1576 4187 1658 4257 18,
1699 4187 1791 4257 19;
1840 4189 1950 4242 Cic.
1986 4204 2082 4257 pro
2119 4187 2372 4243 Cluentio
2407 4186 2477 4241 68
2524 4187 2591 4241 (le
2638 4187 2869 4241 scelesta
2903 4200 3019 4238 mu-

654 4273 817 4329 liere:
871 4273 1021 4343 Quin
1068 4273 1239 4328 etiam
1284 4276 1564 4328 nocturna
1607 4272 1900 4344 sacrificia,
1947 4289 2086 4341 qnae
2129 4275 2287 4341 putet
2332 4271 2634 4327 occultiora
2677 4286 2790 4324 esse
2804 4313 2817 4339 ,
2864 4268 3022 4323 scele-

650 4361 924 4427 ratasque
958 4358 1078 4413 eius
1105 4375 1296 4428 preces
1330 4360 1386 4412 et
1416 4358 1643 4428 nefaria
1688 4361 1817 4414 vota
1864 4358 2238 4428 coynovimus:
2286 4356 2484 4426 quibus
2528 4356 2631 4411 illa
2678 4354 2851 4409 etiam
2896 4352 3024 4408 deos
