3509 5067
505 392 611 482 55]
859 391 1087 446 Veteres
1122 387 1426 458 philosophi
1462 387 1725 455 quomodo
1761 384 2130 441 iudicaverint
2164 382 2232 439 de
2265 382 2512 454 precibus
2774 383 2858 450 55

1345 1602 2029 1685 supplementum

504 1800 615 1867 De
643 1798 1307 1883 precationibus
1345 1802 1483 1865 aut
1518 1796 1829 1864 tacitis
1859 1800 2000 1862 aut
2028 1797 2272 1862 clara
2302 1814 2503 1864 voce
2530 1793 2867 1876 prolatis

679 1969 741 2036 S.
786 1969 1091 2037 Sudhaus
1136 1987 1348 2052 nuper
1376 1967 1645 2051 scripsit
1688 1968 1769 2034 de
1798 1955 2288 2050 precationibus
2326 1969 2447 2031 aut
2475 1964 2703 2032 tacitis
2748 1968 2867 2031 aut

507 2072 692 2139 clara
734 2090 899 2139 voce
942 2070 1110 2138 fusis
1153 2070 1414 2156 (Lautes
1456 2070 1592 2134 und
1636 2070 1811 2134 leises
1837 2069 2050 2152 Beten,
2092 2068 2324 2133 Archiv
2363 2069 2482 2149 fiir
2523 2067 2866 2149 Reliyions·

474 2174 926 2255 ‘wissenschaft
967 2174 1072 2240 IX
1118 2174 1287 2241 1906
1345 2193 1407 2256 p.
1468 2172 1851 2258 185—200).
1950 2171 2098 2254 Ego
2142 2189 2290 2237 eum
2348 2172 2694 2236 secuturus
2749 2169 2866 2235 im-

507 2276 740 2359 primis
783 2278 883 2342 de
927 2275 1239 2342 tacitis
1283 2275 1718 2358 precibuS‚
1758 2292 1971 2355 quae
2016 2292 2114 2339 ex
2151 2272 2515 2339 honesta
2553 2271 2868 2354 piaque

508 2398 573 2445 m
589 2398 626 2446 e
641 2398 686 2444 n
700 2383 733 2444 t
747 2397 784 2445 e
812 2378 1056 2446 oriun
1070 2383 1103 2444 t
1118 2397 1162 2445 u
1176 2398 1241 2462 r,
1279 2397 1321 2443 a
1342 2377 1711 2444 Sudhausio
1731 2376 2029 2444 breviter
2050 2373 2567 2442 commemoratis
2589 2372 2675 2458 (p.
2697 2373 2868 2458 200),

509 2480 886 2548 accuratius
931 2498 1130 2563 agere
1174 2479 1395 2547 velim.
1482 2481 1706 2545 Antea
1747 2481 1971 2544 autem
2015 2479 2097 2543 <le
2143 2477 2292 2543 aliis
2322 2476 2679 2543 tacitarum
2721 2494 2867 2558 pre-

509 2583 840 2650 cationum
885 2581 1258 2666 generibus,
1315 2599 1550 2664 nempe
1594 2581 1890 2663 turpium
1935 2583 2007 2647 et
2048 2578 2461 2646 nefastamm
2506 2580 2718 2645 denuo
2763 2582 2869 2644 est

510 2687 852 2769 agendum,
897 2702 1044 2751 cum
1086 2683 1406 2751 nonnulla
1434 2683 1572 2750 sint
1613 2684 1929 2765 addenda,
1973 2700 2246 2764 quorum
2276 2699 2579 2765 magnam
2609 2684 2868 2763 partem

511 2808 553 2854 a
597 2807 669 2855 se
711 2793 1044 2871 repertam
1104 2792 1180 2853 ut
1224 2785 1476 2870 publici
1534 2786 1700 2853 iuris
1764 2784 2049 2852 facerem
2110 2784 2518 2852 Sudhausius
2575 2800 2708 2865 qua
2765 2788 2870 2851 est

511 2890 924 2957 humanitate
971 2889 1134 2956 mihi
1176 2889 1494 2973 permisit.
2679 2905 2682 2906 ’

678 3009 1106 3077 Precationes
1150 3011 1414 3076 deorum
1444 3006 1814 3076 simulacris
1851 3006 2256 3074 insusurrari
2300 3005 2345 3072 S
2361 3025 2398 3073 e
2412 3025 2458 3072 n
2475 3025 2511 3072 e
2527 3024 2563 3072 c
2578 3024 2620 3073 a
2660 3004 2868 3087 philo-

507 3114 749 3196 sophus
815 3131 961 3178 cum
1028 3111 1320 3194 epistula
1383 3112 1490 3187 10,
1549 3112 1590 3178 5
1649 3115 1791 3176 tum
1859 3128 1958 3192 ep.
2022 3111 2125 3192 41,
2185 3110 2221 3175 1
2291 3107 2866 3176 vehementissime

507 3214 865 3298 improbat:
926 3214 1075 3280 Non
1116 3219 1268 3280 sunt
1309 3214 1394 3279 ad
1439 3214 1678 3279 eaelum
1722 3211 2050 3278 elevandae
2092 3232 2319 3276 mames
2361 3232 2473 3275 nec
2513 3211 2869 3275 exorandus

509 3317 820 3402 aedituus,
891 3322 961 3382 ui
1025 3337 1142 3382 nos
1204 3317 1291 3382 ad
1348 3337 1568 3381 aurem
1639 3316 2002 3399 simulacri,
2077 3316 2263 3399 quasi
2319 3315 2517 3396 mayis
2579 3313 2873 3378 eoeaudiri

500 3422 826 3504 possimus,
885 3419 1206 3485 admittat.-
1262 3439 1450 3503 prope
1491 3426 1579 3484 est
1622 3440 1661 3483 a
1706 3425 1763 3483 te
1813 3418 1984 3501 deus,
2042 3425 2238 3482 tecum
2281 3423 2384 3500 est,
2441 3417 2618 3480 intus
2658 3420 2744 3480 est
2785 3414 2871 3500 (v.

511 3540 712 3603 supra
754 3542 817 3605 p.
859 3523 988 3603 33).
1031 3561 1117 3571 —-
1159 3520 1502 3606 Ἀφροδίτη
1559 3523 1853 3608 ψίθυρος
1909 3526 1979 3587 et
2036 3521 2228 3587 heros
2285 3520 2575 3603 Ψίθυρος,
2620 3538 2663 3585 a
2706 3517 2869 3584 Sud-

512 3624 745 3691 hausio
813 3624 1294 3691 commemorati
1351 3630 1510 3691 sunt
1557 3643 1620 3706 p.
1667 3624 1810 3691 189.
1917 3623 2267 3690 Accedunt
2318 3617 2527 3706 Ἔρως
2578 3621 2872 3704 ψιθυρος

511 3731 582 3793 et
625 3721 849 3811 Ἑρμῆς
894 3726 1291 3810 ψιθυριστής
1332 3724 1439 3810 (of.
1480 3727 1564 3793 H.
1602 3726 1929 3793 Usener
1975 3725 2412 3790 Gb‘tternamen
2456 3744 2517 3806 p.
2562 3725 2704 3806 267,
2741 3722 2870 3806 52),

511 3848 784 3910 quorum
830 3828 1216 3912 cognomina
1259 3827 1454 3896 facile
1497 3828 1996 3910 intelleguntur.
2080 3828 2150 3894 Is
2200 3827 2391 3910 enim,
2449 3825 2565 3908 qui
2608 3825 2870 3892 Amoris

510 3936 581 3998 et
637 3930 954 3998 Mercurii
1012 3930 1082 3997 in
1140 3949 1363 3997 aurem
1423 3930 1678 4013 aliquid
1735 3931 2219 4014 insusurrabat‚
2275 3929 2595 4013 gravibus
2652 3927 2869 3995 causis

511 4035 835 4100 adductus
881 4038 1043 4117 erat,
1087 4038 1165 4100 ut
1208 4033 1311 4100 ita
1353 4039 1603 4117 ageret,
1661 4052 1812 4100 nam
1857 4033 2153 4100 nefarius
2195 4032 2542 4099 inhonesta
2600 4029 2871 4113 cupiens

510 4137 723 4203 lucem
766 4141 966 4216 atque
1024 4134 1243 4203 oculos
1303 4140 1373 4203 et
1431 4154 1626 4202 aures
1682 4135 2013 4203 hominum
2070 4134 2389 4219 fugiebat.
2475 4132 2700 4219 Ἑρμῆς
2754 4143 2869 4217 ψι-

510 4239 820 4324 θυριστής
860 4239 1212 4307 Lavernae
1254 4238 1658 4321 propinquus
1714 4243 1787 4305 et
1843 4238 2164 4305 finitimus
2217 4241 2336 4320 est,
2396 4255 2568 4318 quae
2626 4234 2870 4302 scholio

511 4341 600 4407 ad
640 4341 990 4408 Horatium
1050 4361 1148 4424 ep.
1191 4341 1229 4407 I
1273 4341 1373 4425 16,
1433 4341 1517 4408 59
1563 4340 1788 4407 addito
1849 4340 1970 4407 hoc
2027 4342 2213 4407 modo
2258 4338 2657 4421 explicatur:
2717 4337 2869 4402 La-
