3509 5067
513 349 631 438 33]
872 349 1102 404 Veteres
1135 347 1438 417 philosophi
1474 348 1736 416 quomodo
1770 347 2139 404 iudicaverint
2177 349 2245 405 de
2278 349 2529 418 precibus
2795 352 2883 419 33

518 522 730 587 nolunt
766 519 1051 604 conyeri:
1093 531 1293 582 unum
1323 518 1547 582 bonum
1575 525 1679 602 est,
1722 518 1891 600 quod
1918 518 2123 585 beatae
2153 521 2312 585 vitae
2340 540 2533 585 causa
2568 525 2627 585 et
2662 520 2882 603 firma-

519 628 794 689 mentum
835 628 941 706 est,
984 620 1106 686 sibi
1142 619 1352 703 fidere.
1435 620 1560 703 Ep.
1596 621 1699 706 60,
1733 624 1806 687 1:
1849 621 2105 706 Querar,
2151 624 2340 706 litipo,
2382 625 2657 701 irascor,·
2696 626 2882 689 etiam

516 746 687 790 nime
716 729 914 807 optas,
945 723 1113 809 quod
1139 723 1252 788 tibi
1277 725 1506 804 optavit
1532 726 1754 788 nutrix
1781 731 1889 788 tua
1918 730 2031 790 aut
2063 725 2469 811 paedayoyus
2494 732 2608 790 aut
2637 726 2887 791 mater?

516 828 803 894 nondum
861 826 1166 911 intelleyis
1180 876 1198 909 ,
1259 831 1563 910 quantum
1621 828 1779 892 mali
1834 828 2233 911 optaverint?
2291 847 2326 892 o
2382 848 2571 913 quam
2627 831 2887 895 inimica

519 931 697 996 nobis
752 936 900 994 sunt
941 935 1079 993 vota
1123 933 1479 993 nostrorum
1495 931 1525 992 ,Ι
1613 929 1711 993 Eo
1763 930 2012 1012 quidem
2068 932 2441 1010 inimiciora,
2492 950 2613 1015 quo
2662 917 2888 998 cessere

517 1034 786 1116 felicius.
871 1030 1019 1095 Iam
1063 1051 1190 1095 non
1230 1031 1532 1114 admiror,
1575 1033 1636 1096 si
1676 1033 1888 1097 omnia
1930 1053 2043 1097 nos
2074 1054 2116 1097 a
2148 1035 2365 1117 prima
2397 1036 2677 1117 pueritia
2714 1035 2887 1099 mala

519 1141 903 1220 sequuntur:
923 1136 1090 1199 inter
1109 1135 1545 1199 exsecrationes
1560 1134 1584 1172 ¹
1608 1140 1945 1218 parentum
1966 1138 2287 1203 crevimus.
2327 1136 2450 1219 Ep.
2474 1137 2575 1219 94,
2597 1137 2887 1205 53-54:

521 1237 600 1303 N
593 1243 762 1303 ocent
801 1239 913 1321 qui
954 1242 1184 1321 optant,
1242 1244 1455 1301 nocent
1509 1239 1622 1319 qui
1675 1245 2106 1303 exsecrantur:
2168 1259 2318 1303 nam
2376 1243 2435 1303 et
2488 1238 2713 1304 horum
2769 1242 2888 1305 im-

519 1342 797 1425 precatio
836 1339 1036 1421 falsos
1080 1338 1257 1404 nobis
1311 1347 1514 1405 metus
1567 1342 1795 1404 inserit
1845 1346 1902 1405 et
1958 1340 2214 1405 illorum
2271 1362 2452 1406 amor
2507 1343 2670 1408 male
2720 1341 2890 1407 docet

520 1443 672 1508 bene
714 1442 1000 1524 optando.
1089 1442 1297 1507 Mittit
1338 1444 1504 1508 enim
1556 1462 1673 1507 nos
1727 1441 1815 1507 ad
1857 1443 2201 1529 lonqinqua
2259 1444 2418 1509 bona
2459 1451 2517 1509 et
2553 1445 2795 1509 incerta
2834 1453 2892 1510 et

526 1547 826 1628 errantia,
868 1565 1011 1609 cum
1045 1548 1365 1628 possimus
1402 1545 1758 1627 felicitatem
1800 1545 1981 1609 domo
2016 1565 2318 1629 promere.
2402 1545 2551 1612 Non
2594 1547 2747 1631 licet,
2786 1549 2889 1613 in-

522 1667 734 1732 quam,
776 1650 870 1710 ire
896 1654 1063 1712 recta
1106 1649 1225 1730 via,
1279 1646 1541 1711 trahunt
1595 1649 1666 1711 in
1713 1666 1990 1731 pravum
2041 1655 2350 1732 parentes,
2410 1648 2669 1714 trahunt
2714 1652 2891 1716 servi.

525 1751 714 1834 Quae
755 1767 1024 1832 prorsus
1066 1752 1417 1831 parentum
1459 1748 1765 1832 precibus
1792 1755 2190 1834 repugnant,
2234 1749 2377 1832 ipse
2407 1754 2600 1833 optat
2632 1751 2889 1818 Lucilio

524 1853 735 1919 amico
780 1871 882 1934 ep.
924 1853 1029 1935 96,
1070 1853 1244 1918 4-5
1287 1851 1395 1936 (cf.
1439 1870 1539 1933 ep.
1584 1853 1686 1935 32,
1729 1851 1816 1937 4).

696 1955 926 2021 Facile
970 1954 1408 2038 intellegitur,
1452 1956 1765 2037 quomodo
1809 1954 1957 2022 fieri
1986 1954 2299 2039 potuerit,
2343 1959 2421 2022 ut
2464 1956 2734 2040 Seneca,
2778 1956 2893 2037 qui

525 2077 766 2142 pravas
809 2076 1038 2140 preces
1067 2061 1204 2124 tam
1250 2059 1413 2124 dure
1457 2064 1527 2124 et
1558 2059 1797 2124 acerbe
1842 2059 2335 2135 condemnabat,
2379 2058 2639 2126 omnino
2668 2077 2890 2125 omnes

527 2162 931 2243 improbaret
973 2179 1219 2244 preces,
1308 2160 1607 2243 Sapienti
1651 2161 1827 2227 enim
1869 2161 2047 2228 votis
2090 2179 2221 2227 non
2266 2179 2429 2243 opus
2473 2165 2593 2245 est,
2652 2161 2892 2244 quippe

528 2264 636 2331 cui
679 2268 977 2346 potestas
1007 2264 1100 2330 sit
1128 2263 1419 2330 feliciter
1449 2262 1661 2331 vitam
1690 2264 1969 2348 agendi3
2014 2264 2175 2345 quin
2217 2269 2412 2347 turpe
2456 2268 2560 2331 est
2602 2263 2893 2348 sapienti

522 2367 808 2450 precari,
850 2386 950 2449 ep.
986 2369 1089 2450 31,
1118 2368 1190 2434 5:
1234 2366 1379 2431 Non
1428 2372 1519 2431 est
1558 2386 1703 2450 erqo
1747 2367 1912 2451 quod
1949 2387 2024 2431 ex
2060 2368 2170 2431 illo
2199 2373 2389 2432 vetere
2431 2369 2619 2448 (voto)
2659 2386 2893 2448 paren-

530 2477 666 2534 tum
710 2477 958 2534 tuorum
1003 2470 1216 2555 eliyas,
1275 2469 1430 2554 quid
1469 2472 1819 2551 continyere
1877 2468 1988 2534 tibi
2027 2469 2193 2552 velis,
2252 2469 2410 2554 quid
2464 2476 2663 2551 optes:
2720 2476 2777 2534 et
2820 2471 2892 2535 in

525 2577 732 2637 totum
777 2575 907 2637 iam
944 2592 1062 2654 per
1103 2575 1384 2637 maxima
1425 2578 1559 2637 acto
1600 2575 1731 2637 viro
1776 2578 1954 2653 turpe
1997 2579 2088 2637 est
2127 2573 2312 2636 etiam
2340 2592 2512 2636 nunc
2552 2571 2697 2637 deos
2734 2574 2892 2656 fati-

525 2696 677 2759 gare
697 2675 744 2741 ².
837 2675 1008 2757 Quid
1065 2677 1219 2740 votis
1260 2695 1415 2756 opus
1457 2674 1595 2740 est?
1693 2674 1831 2739 Fac
1888 2681 1943 2739 te
2000 2677 2211 2759 ipsum
2266 2676 2507 2756 felicem
2526 2675 2573 2741 ⁸.
2668 2674 2898 2740 Facies

523 2785 739 2843 autem
782 2780 840 2843 si
877 2779 1247 2843 intellexeris
1288 2779 1448 2843 bona
1490 2798 1630 2861 esse,
1673 2777 1901 2863 quibus
1942 2777 2227 2843 admixta
2268 2784 2357 2842 est
2400 2779 2616 2862 virtus,
2662 2780 2893 2861 turpia,

530 2881 757 2967 quibus
784 2881 1025 2946 malitia
1055 2883 1383 2946 coniuncta
1410 2886 1513 2948 est.
1577 2880 1870 2947 Similem
1901 2881 2303 2948 sententiam
2327 2879 2545 2962 aperit
2574 2899 2675 2964 ep.
2694 2882 2797 2964 41,
2822 2884 2891 2947 1:

529 2984 677 3050 Non
737 2990 888 3062 sunt
943 2985 1029 3049 ad
1087 2984 1322 3049 caelum
1373 2984 1703 3049 elevandae
1745 3004 1976 3048 manus
2020 3004 2130 3048 nec
2173 2983 2532 3048 exorandus
2586 2983 2892 3066 aedituus,

706 3137 728 3170 ²
764 3138 844 3191 Of.
881 3138 1002 3194 Sen.
1040 3138 1107 3193 de
1142 3142 1362 3205 tranqu.
1396 3154 1485 3193 an.
1521 3137 1605 3193 23.

701 3223 727 3256 ¹
762 3223 846 3278 cf.
869 3223 1180 3294 Broueriu8‚
1206 3225 1274 3279 dc
1292 3228 1465 3280 veter.
1489 3240 1552 3278 ac
1568 3229 1770 3279 recent.
1796 3221 2221 3292 adorationibuS,
2240 3222 2300 3277 in
2321 3222 2508 3278 Polen.
2532 3221 2708 3291 suppl.
2732 3220 2892 3277 Thes.

526 3309 740 3377 antiqu.
791 3310 854 3364 Τ.
904 3310 965 3364 ΙΙ
1011 3325 1064 3378 p.
1114 3309 1216 3363 927
1232 3353 1245 3380 ,
1293 3309 1423 3376 957;
1487 3309 1688 3364 Arnob.
1748 3309 1873 3365 adv.
1919 3312 2033 3364 nat.
2083 3308 2114 3362 I
2159 3308 2229 3362 49
2287 3308 2691 3378 (Hildebrand):
2752 3307 2893 3362 Cum

532 3394 926 3464 Aesculapium
961 3394 1147 3464 ipsum
1178 3395 1425 3450 datorem
1459 3397 1528 3450 ut
1572 3394 1901 3465 praedicant
1932 3393 2217 3465 sanitatis,
2254 3393 2435 3463 quoad
2467 3392 2583 3450 illis
2616 3392 2898 3463 superfuit

532 3479 678 3551 vita,
727 3483 782 3535 et
823 3480 1082 3549 precibus
1113 3480 1431 3551 fatiqarent
1463 3483 1518 3536 et
1551 3479 1861 3535 invitarent
1891 3479 2224 3535 miserrimis
2257 3480 2415 3536 votis.

709 3564 731 3598 ⁸
765 3566 950 3621 Nimia
984 3566 1297 3622 aestimatio
1341 3566 1428 3622 sni
1474 3566 1780 3635 fiduciaque
1819 3566 1879 3620 iu
1925 3570 2046 3621 tota
2080 3565 2381 3621 Stoicorum
2417 3570 2567 3621 secta
2611 3564 2764 3620 nobis
2810 3580 2894 3619 oc-

530 3650 732 3720 currit3
767 3651 835 3705 cf.
871 3651 991 3707 Sen.
1028 3667 1111 3721 ep.
1135 3651 1220 3721 31,
1256 3651 1319 3706 8:
1352 3651 1643 3707 Summum
1678 3651 1881 3706 bonum
1918 3694 1931 3707 .
1968 3692 1982 3707 .
2021 3692 2034 3705 .
2070 3649 2264 3719 quodsi
2299 3665 2543 3719 occupas,
2579 3648 2785 3718 incipis
2808 3647 2894 3704 de·

535 3751 696 3790 orum
730 3736 912 3791 socius
944 3753 1073 3804 esse,
1108 3752 1220 3791 non
1254 3736 1501 3806 supplex.
1571 3738 1673 3805 Ep.
1708 3737 1794 3803 94,
1829 3736 1926 3791 53:
1970 3735 2110 3790 Cum
2135 3736 2417 3805 possimus
2446 3734 2769 3804 felicitatem
2803 3733 2892 3790 de-

525 3837 798 3891 promere.
868 3822 971 3891 Ep.
1007 3822 1092 3891 41,
1121 3822 1179 3877 1:
1214 3822 1437 3876 Bonam
1470 3824 1705 3876 mentem
1738 3838 1906 3891 quam
1946 3822 2180 3876 stultum
2217 3824 2300 3875 est
2332 3823 2536 3890 optare,
2574 3836 2697 3874 cum
2711 3820 2896 3889 possis

526 3923 570 3961 a
595 3910 645 3962 te
681 3907 999 3977 impetrare.
1068 3908 1406 3976 Quamquam
1440 3907 1624 3976 paullo
1658 3914 1784 3976 post
1818 3924 1902 3976 ep.
1938 3905 2023 3977 41,
2053 3906 2087 3960 2
2123 3906 2399 3974 sequitur:
2435 3906 2628 3960 Bonus
2661 3922 2784 3961 vero
2807 3905 2898 3960 vir

532 3993 652 4048 sine
686 3992 784 4047 deo
818 4008 977 4047 nemo
1012 3995 1108 4048 est.
1179 3993 1262 4048 Cf.
1299 4010 1382 4062 ep.
1419 3992 1502 4063 73,
1541 3993 1744 4047 13-16
1782 3992 1908 4062 (etsi
1940 3992 2205 4062 legimus:
2251 3991 2426 4046 Nulla
2460 3990 2579 4045 sine
2612 3989 2709 4046 cleo
2741 4007 2896 4046 mens

527 4077 675 4133 bona
709 4079 835 4148 est),
871 4079 939 4134 de
961 4094 1116 4147 prov.
1137 4079 1189 4149 6,
1211 4078 1269 4147 6;
1309 4094 1393 4147 ep.
1416 4078 1502 4147 95,
1526 4078 1620 4148 363
1656 4078 1743 4137 31,
1767 4078 1829 4147 33
1868 4078 1950 4148 72,
1987 4078 2019 4130 7
2035 4098 2049 4147 3
2085 4077 2172 4136 28,
2197 4076 2266 4130 10
2277 4098 2292 4146 3
2328 4077 2396 4132 ct.
2417 4078 2610 4132 Iuven.
2633 4076 2687 4131 X
2705 4077 2895 4146 36sq.;

531 4164 722 4219 Horat.
760 4181 843 4232 ep.
891 4165 920 4218 I
959 4164 1042 4234 18,
1082 4163 1177 4217 111
1195 4180 1302 4233 sq.;
1348 4164 1441 4219 ΡΒ.
1487 4164 1711 4219 Isocrat.
1750 4165 1821 4219 ad
1866 4162 2221 4218 Demonicum
2262 4165 2294 4230 ξ
2328 4163 2424 4232 34;
2473 4163 2636 4218 Cotta
2681 4162 2896 4218 Stoicus

533 4250 678 4317 apud
714 4250 822 4305 Cic.
860 4251 927 4305 de
962 4267 1015 4305 n.
1052 4250 1103 4305 d.
1139 4251 1229 4305 111
1264 4249 1356 4304 16:
1392 4248 1676 4304 Iudicium
1709 4248 1809 4303 hoc
1844 4248 2094 4304 omnium
2131 4247 2457 4303 mortalium
2492 4250 2576 4302 est
2602 4247 2900 4315 fortunam

530 4349 570 4387 a
605 4333 701 4389 deo
730 4334 1050 4404 petendam,
1085 4351 1121 4389 a
1157 4352 1213 4390 sc
1245 4335 1366 4405 ipso
1402 4333 1727 4389 sumendam
1768 4350 1879 4389 esse
1913 4332 2265 4403 sapientiam.
2340 4334 2418 4389 cf.
2456 4333 2587 4391 ibid.
2622 4333 2706 4390 87.

637 4435 1281 4492 Religionsgeschichtliche
1306 4437 1549 4485 Versuche
1575 4448 1622 4481 u.
1648 4437 1963 4483 Vorarbeiten
1993 4436 2071 4482 IV.
2551 4419 2587 4472 3
