3509 5067
501 370 612 460 63]
857 371 1084 426 Veteres
1117 368 1422 439 philosophi
1458 368 1720 437 quomodo
1754 366 2121 423 iudicaverint
2155 368 2221 421 de
2256 347 2502 435 precibus
2772 368 2857 435 63

505 533 1036 624 συμβολικῶς
1079 536 1705 604 ἐπικαλοῦνται.
1793 539 2018 605 Verba
2062 557 2335 621 quoque,
2378 538 2615 619 quibus
2660 540 2858 607 draco

505 643 841 711 Colchicus
902 644 1407 726 incantabatur,
1482 641 1871 724 compressis
1928 640 2125 707 labiis
2187 646 2255 707 et
2314 640 2638 707 submissa
2695 660 2857 708 voce

502 747 1027 829 proferebantur,
1072 746 1435 827 Argonaut.
1496 744 1760 826 Orphic.
1815 746 1912 810 ed.
1955 743 2128 810 Abel
2173 762 2233 809 v.
2279 743 2445 809 1002
2462 762 2587 825 sq.:
2645 751 2855 829 Βαρυ-

503 852 659 934 ηχέα
703 849 918 935 φωνήν
972 848 981 932 Ι
1037 846 1474 932 σιγαλέοις
1518 845 2007 930 ἄφθεγκτον
2050 840 2286 925 ἐμοῖς
2341 842 2498 910 ὕπὸ
2538 844 2859 925 χείλεσι

500 954 665 1033 πέμ
684 972 851 1016 πον.
939 951 1140 1017 Silius
1170 949 1449 1016 Italicus
1477 949 1703 1015 Punic.
1734 948 1911 1013 XIII
1940 950 2067 1015 428
2097 948 2178 1013 irr
2200 949 2520 1015 sacrificio
2557 949 2858 1016 manibus

502 1055 750 1121 oblato:
827 1054 1235 1117 Arcanum
1302 1071 1657 1116 murmur
1729 1050 2144 1117 anhelans.
2254 1052 2483 1134 Magni
2549 1053 2859 1118 momenti

502 1155 769 1224 Horatii
812 1157 993 1223 locus
1040 1160 1144 1222 est
1187 1156 1369 1237 epod.
1414 1155 1475 1220 V
1512 1156 1595 1220 48
1613 1173 1780 1235 sqq:
1830 1152 2097 1217 Canidia
2290 1154 2443 1235 quid
2484 1154 2702 1219 dixit
2750 1162 2863 1219 aut

503 1258 656 1340 quid
698 1261 976 1324 tacuit.
1080 1258 1220 1324 Hoc
1286 1258 1427 1323 loco
1472 1258 1676 1325 verbo
1722 1258 1913 1320 tacuit
1970 1275 2042 1322 se
2099 1257 2241 1339 ipse
2300 1257 2573 1340 corrigit
2629 1262 2856 1339 poeta:

501 1362 729 1443 itaque
772 1361 881 1427 hic
924 1380 1179 1442 quoque
1223 1363 1525 1427 docemur
1570 1377 1799 1441 magas
1858 1359 2065 1426 tacite
2108 1360 2367 1441 precari
2412 1360 2646 1426 solitas
2698 1379 2856 1427 esse.

502 1464 724 1530 Verba
782 1483 911 1530 non
979 1464 1369 1546 audiuntur,
1434 1481 1638 1545 quare
1701 1461 2022 1529 Horatius
2080 1480 2305 1529 vocem
2370 1462 2532 1527 dixit
2596 1462 2793 1529 reicit
2813 1464 2860 1523 ¹.

501 1565 771 1632 Nonnus
827 1566 1029 1632 XVII
1087 1567 1242 1631 374:
1323 1563 1590 1649 Φρικτὸν
1648 1562 2018 1647 ὖποτρύζ
2033 1585 2138 1625 ων
2193 1562 2609 1645 πολυώνυμον
2664 1562 2859 1645 ὕμνον

503 1666 785 1753 ἀοιδῆς,-
824 1688 1017 1749 quam
1073 1667 1591 1734 incantationem
1644 1667 1977 1749 Bergkius
2040 1665 2424 1758 Griechische
2480 1666 2856 1731 Litteratur-

497 1770 822 1853 9esehichte
865 1772 900 1837 I
929 1772 1057 1837 357
1101 1772 1396 1853 appellat
1438 1769 1949 1834 Murmelzauber
1970 1769 2012 1835 2.
2098 1771 2207 1835 Ad
2237 1770 2518 1853 magiam
2565 1770 2860 1851 pertinet

503 1873 900 1940 caerimonia
955 1893 997 1939 a
1039 1874 1305 1940 Lucano
1363 1873 1663 1939 Pharsal.
1708 1873 1743 1938 I
1788 1873 1914 1939 607
1960 1872 2319 1955 descripta:
2373 1872 2449 1935 Μ
2460 1879 2677 1936 cesto
2719 1892 2860 1935 cum

501 1995 840 2060 murmure,
886 1995 1030 2042 cum
1073 1976 1320 2043 scholia
1378 1977 1464 2041 ad
1508 1975 1891 2042 Iuvenalem
1938 1975 2036 2040 VI
2077 1976 2204 2041 587
2264 1977 2560 2058 ascripta
2602 1975 2859 2041 Lucani

499 2081 705 2145 verba
748 2080 970 2160 paullo
1013 2079 1364 2145 immutata
1422 2078 1738 2144 afferant:
1792 2077 1881 2141 Et
1936 2080 2187 2142 tacito
2232 2098 2399 2141 cum
2446 2098 2859 2143 murmure.

503 2181 749 2263 Agitur
792 2181 890 2246 ibi
934 2183 1014 2247 de
1055 2180 1334 2265 fulgure,
1395 2183 1565 2262 quod
1623 2181 1692 2246 in
1736 2184 1984 2246 terram
2030 2180 2276 2248 decidit
2334 2185 2402 2247 et
2443 2180 2861 2264 sollemniter,

503 2285 654 2349 dum
715 2285 1016 2349 sacerdos
1088 2283 1346 2366 magica
1403 2288 1769 2349 murmurat
1834 2284 2158 2367 carmina,
2232 2283 2421 2365 quasi
2480 2284 2860 2350 tumulatur.

505 2387 930 2452 Antecedunt
996 2386 1165 2450 enim
1235 2386 1304 2452 in
1349 2385 1609 2452 scholiis
1653 2385 2107 2451 Iuvenalianis
2151 2387 2361 2453 verba
2404 2386 2597 2452 haec:
2663 2384 2863 2450 Condi

499 2488 769 2568 fulyura
795 2488 1110 2572 dicuntur,
1154 2491 1673 2570 quotienscunque
1700 2488 1980 2569 pontifex
2020 2488 2332 2572 dispersos
2358 2491 2533 2569 i9nes
2560 2490 2630 2553 in
2663 2509 2859 2553 unum

505 2589 730 2674 rediqit
772 2597 827 2654 et
869 2590 1213 2671 quadam
1271 2594 1526 2655 tacita
1579 2611 1823 2674 prece
1868 2592 2062 2656 locum
2088 2590 2366 2672 fiyurata
2411 2592 2641 2655 tumuli
2680 2613 2859 2677 (1990-

500 2694 699 2756 stione
740 2700 1158 2758 consecratum
1201 2696 1265 2759 it.

675 2796 1035 2863 Praeterea
1079 2796 1488 2863 Sudhausius
1547 2796 1834 2862 animum
1892 2815 2104 2862 meum
2164 2797 2459 2864 advertit
2517 2798 2604 2862 ad
2651 2798 2858 2863 Theo-

503 2897 660 2963 criti
690 2917 950 2965 carmen
973 2899 1075 2982 IL,
1101 2900 1271 2980 quod
1300 2899 1546 2965 dicitur
1575 2899 2114 2984 Φαρμακεύτριαι,
2146 2899 2261 2964 ubi
2292 2918 2353 2964 v.
2387 2899 2570 2980 lOsq.
2601 2898 2857 2965 artibus

501 3000 779 3082 magicis
822 3001 1012 3067 Luna
1055 3002 1429 3068 invocatur:
1479 3000 1666 3065 Ἀλλὰ
1724 3000 1972 3065 Σελάνα
2010 3000 2019 3087 Ι
2061 3010 2256 3085 φαῖνε
2297 2999 2522 3065 καλόν·
2580 3000 2680 3064 τὶν
2734 3000 2855 3086 γὰρ

502 3105 936 3184 ποταείσομαι
980 3102 1131 3167 &ov
1147 3125 1245 3182 χα
1265 3104 1311 3176 3,
1373 3102 1619 3188 δαῖμον,
1660 3104 1668 3187 Ι
1706 3112 1786 3187 τᾷ
1844 3106 2085 3188 χθονίᾳ
2134 3102 2209 3166 θ’
2254 3103 2479 3188 Ἑκάτα
2499 3104 2544 3169 4.
2641 3103 2857 3169 Fritz-

504 3206 742 3290 schius,
786 3206 899 3288 qui
944 3207 1176 3273 scribit
1213 3207 1423 3290 ἅουχε,
1467 3209 1636 3289 quod
1669 3208 1754 3272 ad
1785 3204 2017 3287 δαῖμον
2044 3207 2270 3292 refert,
2314 3209 2400 3272 ad
2428 3208 2597 3272 hanc
2634 3224 2857 3272 vocem

679 3413 698 3444 ¹
732 3413 824 3468 Ita
844 3411 1216 3481 Kiesslingius
1241 3413 1311 3466 ad
1335 3413 1704 3483 111111010011111;
1730 3413 1895 3482 longe
1914 3413 2077 3468 aliter
2093 3412 2160 3467 R.
2180 3412 2403 3481 Heinze,
2430 3412 2524 3479 qui
2547 3411 2858 3480 nuperrime

502 3497 825 3566 Kiesslingii
860 3498 1153 3553 editionem
1186 3497 1539 3553 instauravit.

681 3582 703 3613 ²
739 3583 821 3637 Cf.
868 3583 932 3638 Ε.
967 3583 1225 3638 Kuhnert
1257 3582 1638 3639 Fenerzauber
1683 3583 1821 3639 Mus,
1869 3584 2044 3638 Rhen.
2081 3583 2158 3637 IL
2194 3582 2329 3636 1894
2365 3599 2416 3651 p.
2452 3582 2536 3651 41,
2568 3582 2668 3649 ,qui
2703 3597 2859 3650 prae-

506 3672 722 3736 ceptum
757 3668 1030 3737 magicum
1078 3669 1263 3738 edidit,
1318 3669 1458 3737 quod
1503 3668 1724 3738 incipit:
1768 3666 2051 3718 Ἐπιθύων
2100 3667 2189 3717 ἐπὶ
2233 3666 2534 3733 ἀνθράκων
2572 3661 2724 3716 δίωκε
2757 3664 2859 3717 τὸν

506 3749 682 3817 λόγον.
753 3754 839 3807 Ad
874 3754 1018 3808 hunc
1051 3754 1227 3808 locum
1255 3759 1511 3809 annotat:
1559 3753 1841 3809 Vielleicht
1871 3752 2055 3806 deutct
2088 3751 2189 3806 das
2226 3794 2252 3820 „
2271 3750 2585 3821 Vcrfolyen“
2625 3749 2739 3818 auf
2766 3750 2856 3805 ein

505 3838 764 3892 lautloscs
797 3838 1097 3908 Hersayen.
1134 3870 1201 3878 —
1238 3838 1460 3894 Confert
1494 3839 1659 3893 Sudh.
1698 3839 1838 3894 Ciris
1872 3837 1976 3891 369
1989 3853 2104 3904 sqq.

678 3924 699 3954 ³
733 3924 931 3979 Vocem
968 3922 1136 3985 ἅσυχα
1170 3924 1495 3979 novissimus
1521 3940 1733 3993 quoque
1757 3922 2029 3978 Theocriti
2064 3921 2254 3991 editor,
2290 3922 2355 3976 U.
2381 3922 2447 3977 de
2471 3922 2839 3977 Wilamowitz

501 4010 558 4065 in
593 4014 808 4064 textum
843 4010 1062 4078 recepit.

672 4094 697 4127 ⁴
731 4095 894 4163 Apud
922 4096 1283 4170 Hippolytum
1319 4095 1544 4151 refutat.
1569 4096 1650 4150 IV
1672 4094 1741 4148 35
1777 4094 1988 4149 Hecata
2012 4110 2046 4148 a
2068 4092 2248 4164 magis
2270 4093 2587 4147 incantatur
2608 4093 2856 4148 versibus

502 4179 819 4235 Theocriteo
842 4181 1070 4235 carmini
1094 4180 1400 4252 simillimis.
1440 4181 1519 4235 Cf.
1540 4181 1726 4250 Bergk
1750 4179 1954 4234 Poetae
1972 4179 2074 4247 lyr.
2099 4195 2184 4247 gr.
2210 4178 2344 4233 1867
2370 4179 2474 4233 vol.
2498 4178 2587 4233 ΠΙ
2609 4195 2663 4247 p.
2691 4178 2854 4233 1318:

505 4264 655 4320 Certe
687 4265 831 4319 hanc
864 4265 946 4320 vel
979 4265 1329 4321 simillimam
1364 4266 1697 4321 cantilenam
1727 4264 2047 4319 Theocritus
2082 4263 2347 4334 respicere
2381 4263 2612 4319 videtum.
2683 4263 2854 4318 Theo-

500 4350 699 4405 critum
735 4367 923 4406 rursus
956 4351 1209 4407 imitatus
1244 4358 1332 4407 est
1366 4351 1645 4419 Vergilius
1679 4351 1737 4405 in
1774 4351 1962 4420 ecloga
1997 4350 2153 4406 VIII.
