3509 5067
509 358 615 446 17]
854 359 1082 413 Veteres
1115 356 1422 425 philosophi
1457 356 1717 423 quomodo
1748 356 2121 413 iudicaverint
2157 357 2223 412 de
2257 357 2506 425 precibus
2785 360 2865 424 17

507 522 599 613 ἦν,
625 525 887 602 ἐκείνοις
908 525 981 590 δὲ
1005 523 1232 609 ἐδόκει,
1257 536 1440 611 κοινῇ
1467 522 1634 608 ὑπὲρ
1657 519 1966 589 ἁπάντων
1990 524 2197 590 αὐτῶν
2217 526 2407 613 εὐχὴν
2424 528 2839 613 ποιήσασθαι
2854 549 2871 566 ·

506 631 676 714 λέγει
705 627 780 694 δέ
804 649 953 705 πως
982 627 1107 693 ὡδί
1124 653 1138 670 ·
1183 635 1353 701 ,,Ζεῢ
1381 626 1663 711 βασιλεῦ,
1706 627 1788 691 τὰ
1815 626 1931 709 μὲν
1959 623 2181 701 ἐσθλὰ,
2212 681 2227 696 .
2259 682 2274 695 .
2306 676 2320 691 .
2366 630 2476 694 καὶ
2505 629 2873 712 εὐχομένοις

503 731 616 796 καὶ
646 729 971 808 ἀνεύκτοις
1010 730 1018 815 Ι
1059 729 1226 812 ἄμμι
1257 728 1457 814 δίδου,
1485 727 1567 793 τὰ
1597 727 1669 794 δὲ
1698 727 1874 794 δεινὰ
1911 730 2020 795 καὶ
2049 730 2414 812 εὐχομένοις
2443 729 2821 812 ἀπαλέξεινζῑ
2844 733 2884 771 1‘

504 834 765 899 κελεύει.
852 835 1000 901 Non
1033 852 1075 900 a
1113 835 1232 900 deo
1270 833 1444 907 mala
1476 832 1758 900 attribui
1789 832 2174 918 hominibus,
2215 835 2396 917 ipsos
2439 834 2567 901 sibi
2609 836 2872 902 insanos

508 943 580 1005 et
621 940 958 1005 dementes
1006 935 1340 1002 miseriam
1384 936 1639 1002 afferre.
1723 936 2156 1017 Exemplaria
2211 938 2622 1019 precantium
2666 937 2871 1004 Lace-

507 1041 838 1108 daemonii
908 1039 1378 1120 praedicantur
1436 1038 1589 1123 (148
1606 1039 1655 1105 O
1709 1039 1900 1125 sqq.):
1978 1038 2073 1103 Τὰ
2130 1039 2297 1103 καλὰ
2356 1036 2472 1103 ἐπὶ
2526 1050 2663 1115 τοῖς
2719 1038 2872 1122 ἀγα-

510 1146 670 1219 θοῖς
711 1141 860 1217 τοὺς
899 1141 1103 1217 θεοὺς
1146 1138 1396 1205 διδόναι
1438 1140 1795 1218 κελεύοντες
1848 1135 1930 1205 αὖ
1973 1147 2197 1229 σφίσιν
2239 1141 2469 1219 αὐτοῖς.
2514 1180 2599 1191 -
2640 1141 2876 1206 Πλεῖον

512 1244 570 1308 δ’
615 1242 826 1322 οὐδεὶς
866 1244 948 1308 ἂν
1013 1239 1266 1308 ἐκείνων
1326 1243 1684 1324 εὐξαμένων
1747 1242 2041 1308 ἀκούσειε
2100 1245 2289 1311 addit
2348 1249 2599 1312 auctor.
2620 1244 2648 1282 ²
2732 1244 2878 1312 Non

521 1346 888 1432 magnificis
955 1351 1024 1413 et
1080 1346 1477 1429 sumptuosis
1545 1346 1887 1412 sacrificiis
1951 1348 2143 1413 deum
2201 1350 2490 1430 gaudere
2546 1347 2652 1431 (cf.
2709 1346 2876 1413 Xen.

517 1451 709 1517 Mem.
749 1450 787 1515 I
829 1451 888 1533 3,
933 1448 1016 1534 2).
1102 1449 1387 1515 Praeter
1427 1447 1982 1515 Lacedaemonios
2048 1468 2268 1515 casum
2311 1449 2598 1517 Graecos
2653 1448 2875 1531 potius

525 1570 719 1634 quam
764 1550 1103 1617 consilium
1152 1555 1505 1631 sequentes
1556 1552 1730 1617 bona
1787 1555 1858 1616 et
1902 1551 2081 1617 mala
2123 1550 2493 1633 implorare,
2551 1570 2697 1618 cum
2742 1550 2872 1617 dis·

520 1672 790 1719 cernere
844 1671 972 1718 non
1019 1652 1308 1734 possint:
1364 1649 1932 1738 Βλασφημούντων
1988 1645 2097 1715 οὖν
2154 1651 2362 1715 αὐτῶν
2419 1650 2755 1728 ἀκούοντες
2811 1652 2876 1718 οἱ

512 1753 669 1819 θεοὶ
733 1752 849 1819 οὔκ
907 1751 1334 1833 ἀποδέχονται
1391 1752 1507 1830 τὰς
1564 1752 1934 1829 πολυτελεῖς
1989 1755 2255 1819 ταυτασὶ
2308 1757 2586 1835 πομπάς
2639 1777 2711 1818 τε
2761 1755 2875 1818 καὶ

510 1858 767 1933 θυσίας.
836 1857 962 1923 His
1000 1857 1308 1923 Socrates
1352 1857 1543 1922 addit
1586 1856 1889 1939 graviter
1931 1861 2002 1923 et
2032 1876 2293 1925 severe:
2330 1856 2511 1922 Ἀλλὰ
2541 1856 2718 1921 δοκεῖ
2757 1879 2874 1939 μοι

513 1958 756 2046 πολλῆς
807 1958 1092 2046 φυλακῆς
1139 1958 1410 2023 δεῖσθαι
1458 1959 1571 2021 καὶ
1629 1961 1921 2042 σκέψεως
1979 1958 2233 2024 ὅτιποτε
2290 1957 2513 2046 ῥητέον
2567 1958 2707 2024 ἐστὶ
2764 1959 2874 2024 καὶ

515 2062 596 2147 μή
615 2062 660 2124 ⁸.
749 2061 1095 2128 Sacrificia
1137 2062 1434 2143 pretiosa
1478 2061 1644 2127 nihil
1690 2062 1938 2146 valent,
1995 2080 2179 2129 mens
2243 2064 2414 2129 bona
2471 2067 2539 2129 et
2596 2063 2873 2129 honesta

510 2169 584 2231 et
626 2165 883 2232 sincera
942 2183 1086 2231 esse
1142 2166 1359 2232 debet.
1446 2165 1691 2246 Itaque
1734 2165 2040 2232 Socrates
2082 2164 2279 2231 dicit:
2339 2163 2425 2229 Οὔ
2466 2164 2609 2250 γὰρ,
2669 2159 2872 2246 οἶμαι,

513 2266 801 2332 τοιοῦτόν
843 2266 981 2330 ἐστι
1024 2265 1098 2331 τὸ
1143 2276 1270 2330 τῶν
1309 2268 1505 2339 θεῶν,
1551 2267 1715 2331 ὥστε
1779 2262 1911 2331 ὕπὸ
1969 2263 2197 2351 δώρων
2254 2269 2680 2353 παράγεσθαι
2735 2261 2875 2331 οἶον

513 2367 710 2451 κακὸν
749 2369 1040 2455 τοκιστὴν
1058 2369 1087 2407 ⁴
1147 2422 1160 2434 .
1207 2420 1221 2434 .
1267 2421 1281 2435 .
1327 2369 1440 2433 καὶ
1490 2371 1611 2454 γάρ
1669 2369 1747 2433 ἂν
1791 2367 1999 2434 δεινὸν
2039 2367 2157 2455 εἴη,
2223 2368 2282 2434 εἰ
2337 2368 2506 2456 πρὸς
2560 2368 2641 2432 τὰ
2697 2366 2874 2452 δῶρα

517 2471 630 2536 καὶ
664 2471 788 2547 Ἴτδις
827 2473 1074 2546 θυσίας
1117 2469 1592 2553 ἀποβλέπουσιν
1631 2470 1812 2553 ἡμῶν
1862 2470 1925 2535 οἱ
1967 2473 2136 2545 θεοί,
2196 2470 2359 2536 ἀλλὰ
2414 2470 2502 2557 μὴ
2547 2469 2715 2557 πρὸς
2762 2470 2874 2557 τὴν
2931 2540 2936 2545 ,

519 2574 746 2660 ψυχήν,
791 2573 869 2638 ἄν
909 2596 1009 2650 τις
1051 2571 1230 2649 ὅσιος
1271 2574 1381 2637 καὶ
1424 2571 1673 2651 δίκαιος
1715 2575 1807 2636 ὢν
1846 2576 2118 2659 τυγχάνῃ
2140 2577 2183 2635 ⁶.

681 2694 1259 2777 Aristotele8‚
1337 2694 1452 2775 qui
1511 2695 1592 2760 de
1652 2693 1951 2761 omnibus
2012 2695 2208 2761 rebus
2267 2695 2528 2778 agebat,
2588 2697 2670 2762 de
2725 2713 2873 2777 pre-

521 2797 707 2865 cibus
752 2815 1002 2879 quoque
1049 2797 1335 2880 scripsit,
1381 2816 1509 2879 qua
1554 2797 1938 2878 quaestione
1980 2796 2118 2863 illis
2146 2797 2551 2880 temporibus
2581 2798 2874 2864 homines

523 2917 917 2983 magnopere
975 2904 1319 2981 occupatos
1363 2898 1568 2966 fuisse
1625 2899 1929 2968 vidimuS.
2028 2899 2219 2983 Diog.
2263 2900 2338 2967 L.
2382 2900 2444 2967 V
2483 2902 2565 2966 21
2626 2901 2698 2965 in
2754 2918 2871 2966 nu-

688 3138 708 3169 ¹
745 3136 1069 3192 Posterioris
1105 3136 1308 3191 aetatis
1355 3142 1518 3205 poeta
1561 3137 1704 3192 hane
1748 3136 2115 3205 precationem
2159 3136 2412 3192 imitatus
2457 3136 2645 3206 paucis
2690 3136 2874 3193 verbis

516 3222 758 3279 mutavit
776 3221 1009 3292 (Orionis
1028 3221 1233 3276 anthol.
1253 3221 1305 3276 V
1326 3221 1406 3292 17,
1431 3221 1578 3277 Stob.
1598 3221 1704 3277 vol.
1730 3222 1814 3278 IV
1829 3238 1881 3291 p.
1901 3221 2006 3276 275
2028 3221 2237 3292 Mein.):
2265 3222 2373 3273 Ζεῦ
2397 3218 2657 3290 Κρονίδη,
2680 3220 2749 3273 τὰ
2771 3224 2876 3288 μὲν

514 3305 690 3361 ἐσθλοὶ
724 3311 815 3360 καὶ
848 3303 1155 3373 εὐχομένοις
1190 3309 1282 3357 καὶ
1316 3303 1597 3362 ἅνεύκτοις
1628 3307 1636 3376 Ι
1667 3302 1808 3372 ἄμμι
1831 3303 1977 3358 δίδου
1997 3321 2010 3335 ·
2045 3305 2114 3359 τὰ
2152 3304 2209 3358 δὲ
2244 3303 2411 3377 λυγρὰ
2447 3309 2538 3358 καὶ
2572 3307 2878 3371 εὐχομένοις

511 3392 813 3464 amphaom.
883 3394 1093 3448 Eadem
1130 3392 1370 3461 precatio
1408 3392 1695 3449 invenitur
1725 3393 1785 3448 in
1822 3393 2003 3448 codice
2038 3394 2269 3461 quodam
2293 3393 2591 3449 Harleiano
2628 3394 2777 3467 1¹352,
2814 3395 2882 3448 cf.

520 3479 741 3535 Anthol.
774 3478 955 3534 Palat.
1004 3478 1057 3533 X
1094 3477 1196 3532 108
1230 3483 1289 3533 et
1322 3478 1550 3534 Ansfeld
1587 3495 1641 3547 p.
1675 3479 1797 3533 545.
1882 3478 2247 3547 Hieronymus
2292 3479 2409 3547 ipse
2456 3494 2670 3547 quoque
2720 3495 2882 3548 saepe

519 3579 618 3620 nos
639 3568 829 3619 contra
860 3580 959 3618 nos
988 3569 1178 3633 petere
1214 3563 1274 3618 in
1311 3563 1557 3619 oratione
1591 3563 1729 3619 dicit
1752 3564 1978 3634 (Patrol.
2014 3564 2201 3634 Migne
2222 3568 2264 3619 t.
2287 3564 2474 3620 XXVI
2508 3580 2561 3632 p.
2584 3564 2723 3632 492).
2793 3564 2875 3619 cf.

520 3666 688 3719 supra
720 3666 773 3718 p.
809 3647 892 3718 10,
928 3665 981 3717 p.
1017 3648 1100 3703 14.

689 3733 713 3767 ⁹
748 3734 829 3789 Of.
877 3749 1043 3803 supra
1090 3749 1143 3801 p.
1189 3734 1239 3789 6.
1320 3734 1566 3790 Eandem
1627 3734 1991 3802 precationem
2052 3734 2381 3790 Plutarchus
2439 3733 2880 3789 Lacedaemoniis

516 3820 780 3877 attribuit
800 3821 932 3875 Mor.
952 3836 1004 3889 p.
1023 3819 1216 3874 239A:
1255 3818 1403 3882 Εὐχή
1429 3819 1472 3870 δ’
1498 3818 1682 3871 αὐτῶν
1705 3815 1914 3871 διδόναι
1936 3818 2006 3871 τὰ
2028 3816 2163 3872 καλά
2185 3816 2233 3871 τ’
2258 3820 2347 3870 ἐπὶ
2367 3832 2481 3874 τοῖς
2504 3816 2751 3887 ἀγαθοῖς,
2786 3823 2877 3871 καὶ

517 3902 684 3957 πλέον
720 3901 892 3961 οὐδέν.
962 3905 1042 3960 Cf.
1078 3905 1208 3961 Mor.
1243 3921 1297 3973 p.
1337 3904 1456 3976 232,
1491 3905 1610 3961 238.
1693 3905 1924 3960 Addunt
1969 3904 2303 3974 optationem
2337 3909 2404 3959 ut
2437 3896 2695 3961 iniuriam
2732 3906 2875 3961 ferre

517 3992 753 4060 possint:
786 4004 903 4044 ταῖς
939 3987 1116 4054 εὗχαϊς
1150 3990 1516 4058 προστιθέασι
1549 3989 1615 4044 τὸ
1649 3987 1955 4043 ἀδικεῖσθαι
1990 3986 2276 4043 δύνασθαι.

690 4076 712 4108 ⁸
748 4076 828 4131 Of.
864 4076 1009 4132 Plat.
1045 4076 1194 4147 legg.
1230 4076 1421 4132 909E:
1453 4074 1603 4144 Ἱερὰ
1639 4079 1731 4128 καὶ
1766 4074 1936 4132 θεοὺς
1971 4072 2036 4128 οὗ
2070 4072 2262 4144 ῥᾴδιον
2296 4070 2598 4146 ἱδρύεσθαι,
2642 4073 2875 4144 μεγάλης

515 4157 576 4212 δὲ
610 4157 846 4216 διανοίας
878 4159 1024 4216 τινὸς
1061 4159 1251 4230 ὀρθῶς
1284 4157 1423 4232 δρᾶν
1454 4158 1520 4213 τὸ
1554 4164 1826 4213 τοιοῦτον.
1898 4162 1978 4217 Of.
2014 4161 2191 4217 688B.

688 4246 715 4281 ⁴
749 4247 829 4302 Of.
865 4262 1031 4317 supra
1064 4264 1116 4317 p.
1155 4247 1240 4302 11.

689 4332 714 4365 ⁸
751 4332 833 4387 cf.
872 4332 1010 4388 Xen.
1058 4333 1218 4388 Mem.
1266 4334 1297 4388 I
1352 4333 1402 4404 3,
1448 4334 1510 4401 33
1558 4332 1926 4389 Boissonnade
1978 4331 2256 4389 Amodata
2313 4333 2530 4390 Graeca
2579 4335 2609 4389 I
2654 4350 2708 4404 p.
2755 4333 2877 4389 122.

621 4432 1266 4488 Religionsgeschichtliehe
1291 4433 1533 4480 Vei-suche
1556 4445 1604 4480 u.
1633 4433 1953 4481 Vorarbeiten
1978 4434 2055 4482 Π.
2533 4419 2568 4472 2
