3509 5067
479 365 589 452 25]
827 365 1056 420 Veteres
1091 363 1395 432 philosophi
1428 364 1690 432 quomodo
1724 362 2091 419 iudicaverint
2127 365 2193 418 de
2226 364 2476 432 precibus
2751 367 2835 432 25

651 532 927 599 Veteres
972 529 1247 597 Stoici
1291 534 1368 597 ut
1397 531 1614 598 Zeno
1673 536 1742 598 et
1786 532 2328 616 Chrysippus
2391 537 2472 602 de
2530 535 2838 618 precibus

479 633 821 716 scripsisse
844 633 960 701 vix
988 634 1302 701 videntur
1321 634 1365 700 ¹.
1410 633 1550 700 Cle
1567 653 1609 699 a
1625 654 1670 700 n
1684 635 1776 700 th
1791 654 1886 718 es,
1921 635 2035 716 qui
2062 637 2389 703 Zenonem
2421 641 2689 704 secutus
2720 644 2839 722 est,

478 737 764 805 Stoicam
810 736 1288 818 philosophiam
1331 738 1568 803 docens
1606 738 1917 821 hymnum
1961 739 2324 821 composuit
2356 735 2451 815 εἷς
2477 742 2622 823 Δία,
2667 743 2839 821 quod

476 847 963 908 monumentum
985 839 1359 923 theologiae
1374 840 1634 907 Stoicae
1651 839 1925 906 maximi
1948 846 2054 908 est
2072 842 2386 909 momenti
2406 842 2449 908 ².
2481 843 2839 925 Exemplar

478 943 646 1010 enim
673 947 744 1010 et
781 943 1108 1025 specimen
1133 941 1500 1009 Stoicarum
1537 944 1992 1024 precationum
2022 949 2129 1010 est
2148 944 2191 1010 ³.
2271 947 2467 1027 Apud
2497 945 2546 1011 C
2563 946 2589 1010 i
2605 965 2640 1012 c
2656 965 2693 1012 e
2709 965 2795 1012 ro
2813 983 2837 995 ·

476 1066 522 1112 n
535 1065 575 1113 e
590 1066 680 1129 m,
701 1048 783 1112 de
805 1065 868 1111 n.
892 1047 951 1111 d.
974 1045 1010 1110 Ι
1027 1045 1382 1128 115-124,
1406 1064 1569 1126 quas
1590 1048 2051 1130 paragraphos
2076 1065 2113 1113 e
2136 1047 2368 1129 quinto
2390 1047 2447 1114 P
2462 1067 2499 1114 o
2517 1047 2647 1114 sid
2661 1067 2698 1115 o
2712 1047 2840 1114 nii

475 1148 720 1215 Rhodii
762 1148 935 1214 libro
977 1167 1050 1210 π.
1096 1148 1276 1210 θεῶν
1315 1148 1586 1214 fluxisse
1630 1147 1763 1215 iam
1807 1168 2006 1230 supra
2049 1170 2112 1231 p.
2142 1151 2242 1233 22,
2290 1169 2439 1217 ann.
2482 1153 2526 1215 4
2570 1169 2841 1217 comme-

477 1250 889 1333 moravimuS,
942 1250 1272 1332 Epicurus
1323 1249 1899 1317 vehementissime
1945 1252 2389 1337 impugnatur,
2434 1252 2547 1334 qui
2590 1272 2839 1320 omnem

479 1355 747 1420 deorum
804 1353 1221 1420 colendorum
1281 1372 1546 1420 causam
1603 1356 1865 1420 demere
1938 1355 2244 1422 voluerit.
2362 1354 2606 1422 Contra
2663 1358 2843 1438 apud

440 1516 446 1521 .
478 1454 853 1523 Ciceronem
896 1457 1314 1538 precationes
1354 1456 1800 1523 defenduntur
1842 1458 1879 1540 ξ
1913 1459 2071 1523 122:
2115 1453 2464 1522 Hominum
2511 1459 2745 1523 caritas
2786 1464 2843 1522 et

476 1560 754 1623 amicitia
792 1561 1075 1640 yratuita
1115 1565 1216 1624 est.
1307 1559 1554 1637 Quanto
1588 1561 1787 1641 ἐρέτην
1831 1561 2035 1640 mayis
2074 1559 2349 1643 deorum,
2396 1563 2507 1644 qui
2550 1561 2732 1626 nulla
2774 1581 2843 1625 re

476 1667 711 1744 eqentes
748 1666 805 1724 et
844 1661 1010 1724 inter
1051 1680 1116 1724 se
1154 1661 1430 1745 diliqu’nt
1464 1660 1521 1725 e't
1553 1660 1824 1725 homines
1866 1661 2216 1727 consulunt.
2308 1663 2487 1741 Quod
2529 1665 2602 1727 ni
2626 1665 2718 1727 ita
2744 1665 2842 1746 sit,

477 1763 630 1847 quid
671 1781 1052 1846 veneramur,
1098 1763 1297 1846 quid
1329 1782 1771 1846 precamur
1816 1762 2046 1828 deos?
2090 1816 2104 1829 .
2136 1764 2428 1848 ..quid
2472 1770 2843 1848 optamus

475 1886 517 1929 a
555 1865 690 1929 dis
729 1864 1374 1949 immortalibus,
1408 1865 1604 1949 quid
1639 1865 2110 1932 vocamusP4
2154 1866 2523 1933 Secundum
2553 1866 2743 1950 Diog.
2766 1867 2842 1933 L.

474 1968 757 2036 VII124
800 1968 1322 2034 Posidonius
1368 1973 1438 2034 et
1482 1969 1783 2035 Hecato
1812 1968 2144 2051 dicebant,
2189 1969 2514 2050 quodiam
2537 1970 2842 2036 Socrates

474 2071 794 2154 voluerat,
831 2073 986 2137 deos
1028 2090 1229 2137 unum
1273 2090 1390 2137 nos
1436 2073 1666 2137 decere
1707 2070 1986 2155 precari,
2033 2077 2109 2137 ut
2154 2073 2413 2139 omnino
2443 2074 2683 2139 bonum
2729 2075 2840 2138 da-

473 2178 658 2239 rent:
716 2172 1082 2252 Εὕξεταί
1138 2196 1253 2246 τε,
1322 2175 1542 2258 φασίν,
1604 2176 1638 2236 ὁ
1700 2173 1969 2258 σοφὸς
2013 2172 2214 2237 αὐτὰ
2273 2173 2560 2257 ἀγαθὰ
2615 2175 2843 2259 παρὰ

474 2285 631 2339 τῶν
671 2277 836 2339 θεῶ
856 2297 923 2347 ν,
967 2277 1150 2339 καθά
1195 2297 1395 2362 φησιν
1429 2274 1867 2352 Ποσειδώνιος
1910 2275 1979 2340 ἐν
2019 2286 2111 2360 τῷ
2152 2280 2393 2361 πρώτῳ
2439 2278 2595 2363 περὶ
2636 2280 2840 2363 καθη-

478 2377 721 2443 κόντων
763 2378 875 2442 καὶ
918 2378 1191 2442 Ἑκάτων
1235 2375 1300 2442 ἐν
1342 2380 1532 2464 τρίτῳ
1578 2379 1735 2465 περὶ
1777 2378 2187 2463 παραδόξων.

651 2481 858 2548 Stoici
899 2493 1129 2549 verum
1175 2482 1425 2548 cultum
1484 2484 1749 2549 deorum
1816 2482 1884 2547 in
1947 2489 2132 2549 recta
2195 2483 2660 2565 intellegentia
2705 2502 2840 2566 ⁴nu-

473 2582 723 2650 minum
771 2588 841 2649 et
884 2584 1168 2650 scientia
1204 2586 1540 2666 ponebant
1583 2589 1656 2650 et
1691 2585 1804 2667 pia
1843 2588 2204 2666 sanctaque
2247 2585 2412 2668 vita,
2456 2604 2625 2666 quae
2668 2588 2845 2667 apud

477 2687 606 2753 Cic.
649 2690 732 2753 de
775 2705 836 2753 n.
898 2690 957 2753 d.
1015 2686 1088 2751 II
1146 2688 1249 2769 28,
1302 2688 1384 2753 81
1453 2687 1712 2753 Stoicus
1769 2687 1875 2754 his
1938 2687 2251 2770 exprimit
2308 2690 2564 2755 verbis:
2626 2687 2844 2753 Cultus

475 2797 683 2855 autem
723 2789 979 2854 deorum
1022 2796 1112 2854 est
1150 2791 1419 2873 optimus
1461 2789 1741 2874 idemque
1784 2791 2171 2855 castissimus
2206 2797 2390 2876 atque
2416 2793 2846 2856 sanctissimus

479 2892 999 2977 plenissimusque
1037 2894 1304 2976 pietatis,
1338 2900 1410 2956 ut
1452 2912 1547 2956 eos
1588 2913 1829 2975 semper
1845 2913 2036 2976 pura,
2079 2896 2342 2978 inteyra‚
2386 2895 2754 2975 incorrupta
2795 2901 2851 2958 et

657 3062 675 3093 ¹
709 3062 850 3117 Deos
909 3068 967 3117 et
1015 3078 1131 3118 esse
1191 3069 1250 3117 et
1309 3063 1554 3117 colendos
1602 3062 1747 3118 Zeno
1795 3062 1941 3119 dixit
1990 3062 2155 3133 (Sext.
2208 3064 2331 3118 adv.
2379 3063 2548 3117 Math.
2595 3063 2680 3117 IX
2726 3062 2843 3133 133,

476 3164 528 3201 v.
564 3145 758 3201 Arnim
805 3146 1026 3202 Stoicor.
1076 3153 1187 3203 vet.
1231 3149 1299 3202 fr.
1360 3148 1468 3202 vol.
1517 3149 1547 3202 I
1581 3164 1635 3202 n.
1674 3147 1823 3211 152);
1875 3148 2071 3212 Ζήνων
2119 3146 2177 3198 δὲ
2222 3151 2313 3198 καὶ
2356 3149 2614 3200 τοιοῦτον
2657 3137 2844 3218 ἠρώτα

473 3228 662 3299 λόγον’
699 3230 856 3303 „vobs
891 3233 1057 3287 θεοὺς
1091 3229 1314 3302 εὐλόγως
1339 3228 1410 3284 ἄν
1442 3253 1523 3287 τις
1557 3233 1750 3299 τιμῴη.
1788 3231 1916 3287 τοὺς
1951 3229 2008 3283 δὲ
2041 3231 2115 3299 μὴ
2151 3231 2315 3288 ὄντας
2347 3227 2444 3284 οὔκ
2480 3226 2552 3284 ἄν
2585 3254 2662 3288 τις
2698 3230 2845 3286 εὐλό-

474 3335 579 3383 γως
611 3315 814 3385 τιμῴη·
853 3319 992 3369 εἰσὶν
1037 3312 1148 3387 ἄρα
1184 3318 1363 3369 θεοί.ιι
1448 3319 1656 3375 Tamen
1703 3319 1912 3388 templa
1964 3320 2239 3375 aedificari
2287 3320 2497 3389 vetuit,
2547 3321 2615 3374 cf.
2665 3320 2844 3376 Zeller

475 3403 567 3457 ΠΙ
599 3404 631 3456 1
668 3419 720 3472 p.
757 3403 859 3457 312
895 3409 953 3460 et
986 3404 1118 3459 ibid.
1156 3420 1280 3460 ann.
1317 3405 1365 3459 3.
1906 3402 1910 3404 ’

651 3488 676 3519 ²
708 3489 871 3557 Apud
905 3489 1052 3545 Stob.
1088 3490 1202 3545 Ecl.
1240 3491 1271 3544 I
1303 3508 1356 3559 p.
1391 3490 1463 3544 30
1496 3495 1767 3546 servatus,

652 3573 676 3605 ³
709 3574 806 3629 Cf.
838 3590 1022 3644 preces
1070 3576 1350 3631 Cleanthis
1386 3576 1532 3644 apud
1565 3576 1803 3645 Epictet.
1841 3593 1985 3632 man.
2021 3578 2090 3631 52
2126 3577 2389 3632 traditas:
2432 3573 2588 3644 Ἄγου
2625 3572 2682 3626 δέ
2713 3574 2770 3641 μ’
2798 3569 2845 3625 ὦ

476 3657 584 3710 Ζεῦ
616 3661 706 3709 καὶ
753 3658 819 3711 σύ
874 3659 924 3729 y'
965 3659 998 3724 ἢ
1037 3663 1414 3729 Πεπρωμένη,
1466 3662 1475 3731 Ι
1511 3658 1665 3713 Ὅποι
1711 3660 1852 3712 ποθ’
1899 3659 2031 3727 ὑμῖν
2080 3663 2190 3728 εἰμὶ
2237 3658 2670 3729 διατεταγμένος,
2713 3661 2724 3730 Ι
2759 3657 2845 3715 Ὦς

477 3744 683 3813 ἕψομαι
713 3743 766 3814 γ’
800 3743 1016 3800 ἄοκνος*
1064 3745 1134 3811 ἢν
1173 3743 1232 3797 δὲ
1264 3743 1338 3812 μὴ
1376 3743 1545 3806 θέλω,
1576 3747 1585 3816 Ι
1620 3744 1804 3801 Kornos
1849 3746 2156 3817 γενόμενος,
2201 3743 2359 3798 οὐδὲν
2405 3740 2573 3812 ἧττον
2621 3748 2843 3815 ἕψομαι.

475 3830 617 3886 Vide
661 3846 714 3886 v.
751 3830 942 3885 Arnim
990 3833 1096 3887 vol.
1145 3833 1176 3886 I
1220 3849 1273 3901 p.
1310 3832 1414 3886 118
1460 3849 1512 3887 n.
1560 3832 1679 3901 327,
1728 3832 1826 3900 qui
1871 3832 1995 3887 aliis
2045 3847 2258 3901 quoque
2303 3830 2434 3887 locis
2495 3833 2593 3887 hos
2651 3846 2844 3887 versus

476 3914 661 3971 afferri
694 3916 952 3988 ostendit,
989 3934 1123 3993 quos
1159 3923 1217 3973 et
1251 3917 1454 3973 Seneca
1487 3933 1571 3985 ep.
1607 3917 1724 3988 107,
1764 3917 1832 3971 10
1865 3917 1925 3973 in
1958 3934 2119 3973 suum
2156 3932 2456 3973 sermonem
2491 3916 2746 3972 mutavit.

647 4002 674 4033 ⁴
707 4002 962 4058 Ceterum
1007 4004 1315 4059 Carneades
1355 4003 1562 4058 Stoicos
1598 4002 1968 4071 vituperabat,
2029 4003 2172 4071 quod
2217 4002 2325 4058 sibi
2371 4018 2479 4058 non
2514 4007 2842 4072 constarent,

476 4086 606 4155 quia
651 4104 687 4142 a
741 4087 979 4158 singulis
1043 4088 1365 4159 flagitarent
1379 4131 1393 4158 ‚
1454 4093 1520 4144 ut
1567 4105 1602 4143 a
1660 4088 1744 4143 dis
1804 4088 2056 4157 precibus
2117 4088 2389 4143 auxilium
2453 4087 2846 4156 consiliumque

473 4177 756 4240 peterent,
822 4190 1152 4243 quamquam
1200 4174 1541 4230 affirmarent
1604 4175 1731 4229 deos
1804 4173 2025 4244 singula
2089 4190 2198 4231 non
2244 4190 2461 4244 curare,
2515 4174 2583 4230 ef.
2621 4174 2729 4230 Cic.
2778 4174 2845 4229 de

474 4274 528 4312 n.
575 4257 628 4313 d.
675 4258 767 4313 111
814 4259 898 4329 32,
924 4260 993 4314 79
1015 4291 1085 4300 —
1107 4259 1193 4329 39,
1219 4260 1303 4314 93.
1404 4259 1488 4314 Cf.
1543 4259 1609 4314 A.
1665 4260 2129 4328 Goedeckemeyer
2187 4259 2302 4315 Die
2364 4259 2554 4316 Gesch.
2615 4258 2707 4314 des
2760 4276 2843 4328 qr.

476 4341 872 4413 Skepticismus
905 4361 958 4413 p.
996 4345 1078 4400 77.
