3509 5067
463 374 573 462 31]
815 373 1042 429 Veteres
1079 371 1382 441 philosophi
1417 373 1681 440 quomodo
1716 371 2084 428 indicaverint
2118 373 2184 427 de
2220 372 2470 441 precibus
2741 375 2823 439 31

464 549 743 612 mentem
789 543 1056 626 plurimi
1099 543 1413 610 aestimat
1454 545 1704 611 Seneca
1724 543 1768 627 ¹,
1827 545 1907 610 de
1950 544 2095 611 ben.
2140 544 2176 609 I
2220 546 2277 627 6,
2326 547 2381 627 1,
2425 546 2625 612 2—3:
2682 543 2830 609 Non

468 655 556 712 est
597 645 953 728 beneficium
1006 647 1234 729 ipsum,
1299 646 1466 730 quod
1507 652 1878 710 numeratur
1921 652 2034 710 aut
2076 646 2389 710 traditur:
2444 649 2602 711 sicut
2644 667 2721 711 ne
2760 650 2833 711 in

460 751 724 814 victimis
766 749 1030 834 quidem,
1093 750 1228 813 licet
1271 750 1509 832 opimae
1549 751 1680 813 sint
1719 769 2000 833 auroque
2050 749 2515 834 praefulyeant,
2570 750 2824 814 deorum

461 860 550 916 est
590 852 801 935 honor,
843 851 951 916 sed
986 853 1102 932 pia
1144 871 1218 915 ac
1262 857 1427 914 recta
1485 851 1799 916 voluntate
1862 854 2305 917 venerantium.
2406 851 2629 937 Itaque
2685 853 2829 916 boni

463 957 650 1019 etiam
689 956 871 1036 farre
910 974 984 1018 ac
1022 952 1210 1035 fitilla
1232 952 1258 990 ‘2
1311 954 1583 1038 reliqiosi
1623 960 1772 1017 sunt
1791 953 1835 1036 ⁸,
1881 954 2037 1018 mali
2076 973 2307 1018 rursus
2349 974 2479 1018 non
2519 955 2829 1040 effuqiunt

464 1060 858 1140 impietatem,
902 1058 1181 1141 quamvis
1223 1076 1377 1120 aras
1417 1058 1725 1141 sanquine
1770 1057 1963 1121 multo
2006 1059 2476 1121 cruentaverint.

637 1194 819 1278 Quae
864 1196 1175 1276 optemus,
1225 1197 1396 1274 quae
1441 1192 1830 1275 precemur?
1918 1194 2063 1259 Non
2128 1196 2301 1261 bona
2360 1193 2665 1276 corporis,
2726 1213 2829 1260 se-

466 1299 747 1363 cundum
806 1296 1089 1362 omnium
1148 1295 1679 1377 philosophorum
1740 1295 2157 1379 sententiam,
2215 1299 2352 1362 nat.
2413 1300 2665 1377 quaest.
2722 1296 2830 1362 III

464 1399 670 1481 praef.
702 1400 739 1483 ξ
772 1401 882 1465 14:
932 1398 1100 1480 Quid
1130 1404 1217 1463 est
1256 1397 1716 1480 praecipuum?
1761 1418 1889 1462 non
1932 1398 2253 1463 admittere
2289 1401 2360 1462 in
2403 1401 2615 1463 animo
2658 1400 2831 1464 mala

465 1502 740 1584 consilia,
777 1521 987 1582 puras
1028 1501 1117 1564 ad
1156 1502 1393 1564 caelum
1438 1520 1662 1564 manus
1704 1501 2000 1583 eoetollere,
2058 1501 2305 1565 nullum
2349 1502 2574 1565 bonum
2612 1508 2830 1585 petere,

467 1604 652 1687 quod,
708 1610 781 1667 ut
835 1602 923 1666 ad
965 1608 1020 1666 te
1063 1607 1356 1685 transeat,
1408 1603 1638 1686 aliquis
1679 1602 1835 1665 dare
1876 1602 2063 1685 debet,
2110 1602 2344 1687 aliquis
2384 1606 2682 1687 amittere,
2727 1623 2830 1687 op-

462 1713 610 1788 tare,
670 1704 838 1789 quod
885 1706 1018 1769 sine
1077 1704 1437 1768 adversario
1496 1708 1779 1787 optatur,
1840 1704 2062 1768 bonam
2122 1712 2395 1771 mentem.
2507 1706 2595 1771 Ut
2654 1706 2829 1772 bona

460 1812 681 1873 mente
725 1824 1119 1874 veneremur
1167 1809 1377 1890 deum,
1438 1824 1693 1887 semper
1738 1808 2061 1890 admonet,
2119 1806 2337 1875 virtus
2384 1813 2484 1873 est
2542 1808 2826 1890 optimus

464 1911 727 1976 deornm
773 1910 1007 1991 cultae,
1067 1928 1166 1990 ep.
1211 1910 1314 1992 95,
1360 1909 1648 1975 47—50:
1714 1909 1847 1988 Quo
1890 1909 2065 1973 modo
2109 1911 2238 1974 sint
2279 1909 2349 1973 di
2392 1910 2642 1992 colendi,
2686 1910 2833 1975 solet

454 2013 762 2097 praecipi:
793 2012 1116 2076 accendere
1145 2011 1414 2096 aliquem
1447 2012 1736 2076 lucer-nas
1771 2012 2032 2076 sublatis
2051 2013 2502 2096 prohibeamus,
2533 2014 2830 2097 quoniam

463 2135 572 2179 nec
632 2115 865 2179 lumine
907 2114 977 2179 di
1019 2119 1191 2196 eyent
1233 2119 1290 2179 et
1344 2135 1419 2179 ne
1461 2113 1736 2179 homines
1795 2115 2039 2199 quidem
2081 2115 2466 2180 delectantur
2503 2115 2828 2198 fuliqine4

466 2270 482 2285 .
527 2272 541 2284 .
587 2270 600 2285 .
646 2218 826 2283 deum
868 2219 1009 2282 colit
1053 2220 1165 2303 qui
1208 2221 1372 2282 novit
1416 2268 1675 2284 .....
1720 2217 1982 2283 Primus
2025 2224 2115 2283 est
2141 2219 2398 2283 deorum
2443 2220 2650 2283 cultus
2693 2220 2831 2283 deos

467 2321 749 2399 credere‚·
781 2320 999 2385 deinde
1021 2321 1277 2385 reddere
1304 2322 1437 2386 illis
1458 2324 1838 2385 maiestatem
1873 2341 2077 2405 suam,
2111 2322 2367 2386 reddere
2388 2321 2714 2386 bonitatem
2736 2374 2751 2389 .
2775 2374 2790 2388 .
2814 2374 2827 2387 .

480 2422 596 2488 Vis
621 2423 767 2487 deos
792 2425 1131 2507 propitiare
1150 2423 1184 2486 .9
1228 2424 1424 2488 bonus
1461 2428 1601 2488 estc.
1637 2426 1793 2488 satis
1820 2423 1964 2489 illos
1991 2424 2192 2507 coluit,
2238 2426 2523 2509 quisquis
2550 2426 2831 2488 imitatus

454 2531 570 2594 est.
656 2525 799 2592 Hoc
828 2525 1040 2608 igitur
1084 2526 1240 2609 1000,
1281 2530 1357 2592 ut
1398 2524 1478 2591 fr.
1518 2527 1643 2592 123
1672 2525 1773 2609 H,
1820 2526 2020 2592 aliter
2064 2532 2261 2608 atque
2307 2529 2387 2593 de
2428 2528 2576 2593 ben.
2619 2526 2655 2592 I
2685 2527 2743 2610 6,
2788 2528 2829 2592 3

467 2647 718 2694 omnem
761 2628 1009 2694 cultum
1069 2630 1334 2694 deorum
1394 2628 1644 2696 reicere
1702 2630 1986 2696 videtur.
2089 2629 2235 2713 Qua
2294 2648 2438 2695 cum
2498 2629 2831 2695 sententia

467 2730 772 2814 congruit
817 2731 1215 2812 contemptio
1261 2729 1842 2815 despicientiaque,
1889 2750 2020 2813 qua
2065 2733 2240 2813 apud
2282 2731 2707 2798 Lactantium
2748 2734 2831 2798 de

466 2833 835 2900 simulacris
892 2837 963 2899 et
1020 2834 1408 2900 adoratione
1464 2834 1760 2914 loquitur
1818 2834 1997 2918 (inst.
2054 2834 2128 2900 II
2187 2853 2238 2900 c.
2298 2836 2355 2918 2,
2403 2836 2516 2916 143
2576 2832 2657 2901 fr.
2704 2834 2831 2900 120

466 2935 746 3020 Haase):
807 2935 993 2999 Recte
1047 2937 1247 3019 iqitur
1294 2935 1524 3000 Seneca
1575 2938 1647 2999 in
1712 2936 1893 3000 libris
1950 2936 2317 3001 moralibus:
2377 2936 2830 3019 „Simulacra“,

465 3039 689 3122 inquit,
737 3038 1031 3121 „deorum
1074 3043 1467 3121 venerantur,
1511 3038 1638 3103 illis
1672 3039 2031 3120 supplicant
2070 3060 2237 3121 yenu
2270 3041 2486 3122 posito,
2527 3039 2644 3104 illa
2680 3038 2827 3102 ado-

466 3148 630 3224 rant,
693 3140 826 3205 illis
875 3160 993 3222 per
1051 3147 1242 3205 totam
1286 3141 1573 3206 adsident
1615 3142 1775 3206 diem
1819 3149 1933 3206 aut
1973 3142 2243 3226 adstant,
2301 3142 2435 3206 illis
2474 3143 2691 3225 stipem
2734 3143 2826 3205 ia-

471 3245 662 3328 ciunt,
704 3245 984 3308 victimas
1029 3244 1320 3310 caedunt:
1377 3251 1434 3308 et
1476 3265 1618 3309 cum
1661 3243 1807 3309 haec
1849 3250 2162 3329 tantopere
2200 3247 2562 3327 suspiciant,
2602 3243 2833 3327 sabroe,

470 3348 582 3429 qui
636 3345 751 3410 illa
792 3346 1006 3431 fecere,
1052 3348 1506 3414 contemnunt.“
1609 3346 2073 3415 Acerbissimis
2118 3347 2381 3414 facetiis
2438 3348 2509 3413 in
2552 3348 2831 3431 dialog0‚

646 3583 667 3616 ¹
702 3584 786 3639 Of.
820 3584 888 3639 de
921 3584 1042 3640 ben.
1069 3585 1098 3638 I
1121 3584 1171 3655 5,
1196 3586 1257 3654 23
1295 3586 1353 3639 H
1378 3584 1462 3655 31,
1502 3584 1559 3639 1:
1595 3584 1745 3640 Nam
1783 3600 1908 3641 cum
1943 3586 2130 3641 omnia
2154 3585 2227 3656 ad
2251 3585 2502 3639 animum
2524 3584 2833 3652 referamus

471 3669 607 3738 (scil.
644 3683 743 3724 nos
776 3669 965 3740 Stoici)
1004 3712 1016 3725 .
1058 3692 1099 3740 .;
1138 3687 1222 3740 ep.
1258 3673 1342 3742 44,
1379 3672 1429 3725 5.

647 3754 671 3785 ²
706 3755 786 3810 Of.
824 3771 990 3824 supra
1024 3773 1076 3825 p.
1115 3757 1198 3826 27,
1235 3773 1360 3811 ann.
1396 3757 1446 3811 6.

645 3839 669 3872 ⁸
702 3841 819 3895 Hoc
854 3841 970 3896 loco
1007 3842 1274 3896 sacrificia.
1308 3842 1571 3913 admittit,
1609 3842 1767 3910 qnasi
1803 3841 1965 3911 signa
1998 3841 2239 3910 pietatis,
2310 3841 2374 3895 A.
2399 3840 2689 3896 Bonhdffer
2720 3840 2833 3895 Die

469 3924 644 3979 13th
675 3925 769 3980 des
806 3926 1050 3982 Stoikers
1084 3926 1310 3995 Epiktet
1345 3944 1397 3996 p.
1433 3928 1530 3982 84:
1581 3927 1664 3982 Es
1708 3927 1790 3982 ist
1833 3926 1949 3982 dies
1991 3943 2174 3997 qenau
2219 3925 2316 3981 der
2350 3925 2706 3995 Standpunkt
2736 3924 2833 3980 der

469 4009 1027 4067 alttestamentliclzen
1060 4012 1390 4080 Raptam,
1428 4013 1516 4067 die
1551 4012 1657 4067 den
1695 4011 2047 4082 Opferdienst
2076 4010 2220 4066 auch
2251 4011 2410 4066 nicht
2438 4011 2750 4078 verwerfen.

641 4095 668 4128 ⁴
702 4096 783 4153 Of.
821 4097 1020 4153 Arnob.
1044 4098 1157 4153 VII
1184 4098 1276 4152 16:
1318 4098 1538 4169 Eryone
1560 4098 1655 4153 ille
1679 4101 1859 4168 putor
1882 4097 1977 4167 qui
2012 4114 2079 4152 ex
2102 4097 2270 4153 coriis
2296 4097 2511 4152 tollitur
2543 4100 2707 4166 atque
2741 4113 2833 4152 ex-

460 4180 629 4249 pirat
660 4182 996 4250 ardentibus,
1035 4183 1132 4251 qui
1168 4199 1238 4237 ex
1273 4183 1502 4245 ossibus,
1539 4184 1635 4252 qui
1670 4200 1740 4239 ex
1773 4183 1957 4250 saetis,
2008 4200 2078 4237 ex
2112 4199 2382 4254 aynorum
2418 4182 2637 4238 lanitiis
2665 4183 2829 4254 galli-

467 4282 774 4335 narumque
809 4266 874 4321 de
899 4267 1130 4338 plumis,
1169 4268 1280 4323 Dei
1316 4285 1520 4324 miluus
1554 4273 1608 4324 et
1638 4268 1811 4324 honor
1846 4269 1967 4324 est?
2038 4269 2119 4324 cf.
2161 4268 2282 4326 Sen.
2320 4270 2387 4324 de
2409 4269 2528 4326 ben.
2555 4268 2636 4326 IV
2657 4268 2742 4340 25,
2768 4270 2829 4339 13

467 4351 522 4420 3,
555 4352 618 4421 23
654 4353 712 4407 II
746 4352 830 4422 30,
868 4353 918 4408 2.
2834 4366 2837 4370 ’
