3509 5067
697 354 782 420 30
1606 354 1877 410 Henrieus
1914 355 2161 411 Schmidt
2944 359 3054 447 [30

902 524 1015 590 Nil
1072 543 1228 608 ergo
1274 525 1600 606 optabunt
1642 525 1985 592 homines?
2041 525 2100 592 si
2151 525 2491 593 consilium
2537 527 2645 594 vis

901 626 1258 693 Permittes
1302 626 1463 708 ipsis
1507 629 1877 709 expendere
1918 628 2295 695 numinibus
2338 629 2497 711 quid

906 729 1268 798 Conveniat
1311 729 1500 797 nobis
1541 732 1867 812 rebusque
1912 730 2005 796 sit
2048 731 2213 798 utile
2257 731 2506 799 nostris
2526 736 2569 799 ¹.

865 850 1106 916 Preces
1151 849 1297 916 fieri
1339 868 1469 915 non
1513 853 1706 919 vetat
1750 849 1960 936 (354):

900 970 994 1036 Ut
1038 974 1255 1035 tamen
1305 972 1376 1036 et
1419 988 1649 1051 poscas
1694 969 1947 1050 aliquid
1992 989 2361 1053 voveasque
2403 972 2668 1039 sacellis
2712 1024 2725 1039 .
2772 1026 2785 1039 .
2832 1026 2846 1039 .

865 1091 961 1154 At
989 1088 1158 1155 alias
1189 1089 1448 1171 quidem
1477 1108 1706 1171 preces
1737 1092 2147 1157 commendat
2174 1098 2373 1171 atque
2401 1093 2748 1174 vulgares3
2792 1095 2922 1160 non
2951 1112 3050 1162 so-

691 1193 828 1257 lum
858 1193 1031 1258 bona
1073 1191 1383 1276 corporis,
1431 1195 1551 1258 sed
1596 1192 1798 1258 etiam
1844 1192 2047 1258 animi
2092 1195 2460 1275 expetenda
2503 1213 2647 1261 esse
2692 1197 2843 1278 (356
2858 1200 3047 1278 sqq.):

898 1311 1228 1377 Orandum
1273 1317 1392 1394 est,
1436 1315 1514 1378 ut
1555 1311 1648 1378 sit
1688 1331 1874 1378 mens
1918 1330 2083 1379 sana
2124 1312 2194 1378 in
2237 1331 2507 1395 corpore
2551 1333 2709 1381 sano
2730 1315 2775 1382 ².

896 1414 1160 1480 Fortem
1207 1433 1398 1495 posce
1443 1414 1732 1480 animum
1777 1415 2138 1496 mortisque
2181 1420 2433 1481 terrore
2478 1423 2828 1501 carentem,

897 1516 1025 1600 Qui
1068 1517 1321 1583 nesciat
1366 1517 1571 1583 irasci
1593 1517 1637 1582 ⁸.

866 1656 1035 1722 Tota
1097 1654 1459 1720 Stoicorum
1521 1653 1873 1736 disciplina
1944 1674 2073 1721 non
2145 1655 2351 1721 solum
2426 1658 2513 1722 ad
2570 1656 3042 1738 philosophiam

693 1760 810 1825 sed
854 1757 1055 1824 etiam
1115 1758 1202 1822 ad
1253 1756 1638 1840 religionem
1703 1756 2000 1839 pertinet
2018 1758 2062 1824 ⁴.
2171 1756 2382 1839 Quam
2425 1760 2507 1824 ob
2551 1777 2690 1824 rem
2727 1759 3048 1826 Seneca

694 1880 947 1942 quoque
1008 1865 1076 1925 et
1127 1859 1420 1942 cogitare
1480 1865 1548 1925 et
1604 1860 1785 1940 loqui
1842 1861 1924 1926 de
1981 1860 2289 1941 precibus
2334 1862 2715 1943 cogebatur3
2774 1862 3048 1930 definire

695 1963 971 2046 quidem,
1013 1980 1180 2043 quae
1227 1963 1308 2028 de
1351 1962 1659 2043 precibus
1704 1962 2007 2045 senserit,
2065 1962 2335 2029 difficile
2379 1967 2501 2045 est,
2558 1981 2701 2029 cum
2753 1964 3048 2031 homines

692 2064 952 2147 precari
1017 2071 1085 2131 et
1135 2068 1321 2131 vetet
1387 2068 1456 2130 et
1519 2064 1714 2129 sinat.
1823 2065 2044 2146 Atque
2108 2064 2387 2147 primum
2454 2064 2715 2146 quidem
2779 2065 2849 2132 in
2906 2067 3048 2134 uni-

692 2186 954 2234 versum
1043 2169 1125 2233 de
1213 2168 1398 2233 cultu
1486 2169 1785 2251 deorum,
1873 2186 2066 2249 quem
2176 2168 2699 2250 amplectebatur
2785 2169 3049 2255 Seneca,

689 2270 987 2337 breviter
1057 2271 1379 2352 agendum
1452 2274 1574 2335 est.
1681 2270 1923 2336 Veram
1999 2290 2159 2354 erga
2223 2273 2378 2337 deos
2439 2270 2757 2352 pietatem
2831 2291 3048 2340 omnes

692 2373 943 2440 Stoicos
984 2372 1053 2439 in
1096 2371 1301 2439 rectis
1347 2371 1758 2454 opinionibus
1813 2375 2076 2439 deorum
2136 2379 2206 2440 et
2247 2393 2417 2456 pura
2473 2380 2694 2441 mente
2752 2375 3047 2457 posuisse

691 2475 994 2558 vidimuS,
1021 2474 1250 2541 nonin
1272 2475 1670 2556 sumptuosis
1699 2475 2040 2542 sacrificiis
2069 2482 2141 2542 et
2169 2476 2591 2543 sollemnibus
2623 2477 3050 2545 caerimoniis

692 2579 942 2645 Seneca
985 2595 1234 2659 quoque
1278 2579 1467 2644 deum
1511 2596 1640 2644 non
1671 2578 1936 2660 templis
1966 2581 2084 2644 sed
2129 2580 2535 2645 conscientia
2565 2589 2790 2646 rectae
2821 2581 3049 2648 volun-

691 2680 857 2747 tatis
887 2680 1014 2746 coli
1063 2680 1226 2762 vult,
1270 2680 1349 2745 fr.
1375 2681 1501 2746 123
1544 2681 1768 2748 Haase
1789 2681 1845 2746 ⁶:
1895 2680 2144 2762 Quanto
2182 2681 2396 2745 melius
2427 2681 2653 2747 Seneca
2682 2688 2739 2747 et
2772 2685 2981 2747 verius
2997 2684 3052 2747 !:

696 2834 725 2866 „
746 2781 1026 2847 Vultisne
1067 2802 1168 2846 vos
1211 2829 1464 2849 .....
1498 2782 1682 2847 deum
1719 2786 1984 2865 copitare
2027 2804 2322 2866 maynum
2356 2789 2414 2848 et
2451 2786 2774 2865 placidum
2818 2791 2874 2850 et
2916 2806 3047 2849 ma-

690 2888 899 2950 iestate
944 2886 1068 2950 leni
1107 2885 1456 2969 verendum,
1499 2888 1771 2950 amicum
1816 2893 1873 2950 et
1913 2906 2151 2967 semper
2192 2889 2262 2950 in
2305 2889 2607 2971 proximo,
2661 2908 2787 2952 non
2830 2890 3045 2951 immo-

693 2988 1026 3053 lationibus
1068 2994 1125 3051 et
1180 2990 1488 3070 sanquine
1545 2989 1738 3053 multo
1797 2989 2114 3053 colendum
2157 3029 2242 3035 -—-
2301 3011 2462 3075 quae
2504 2992 2669 3054 enim
2727 3011 2800 3054 ex
2855 2990 3045 3053 truci—

692 3091 938 3155 datione
978 3092 1436 3155 immerentium
1478 3093 1755 3173 voluptas
1797 3091 1932 3159 est?
1961 3129 2047 3139 —
2076 3093 2182 3157 sed
2218 3097 2414 3156 mente
2444 3111 2628 3174 pura,
2673 3092 2825 3155 bono
2865 3090 3043 3154 hone-

689 3198 896 3278 stoque
948 3195 1275 3275 preposite,
1319 3214 1444 3258 non
1504 3195 1730 3278 templa
1789 3194 1891 3260 illi
1940 3197 2239 3277 eonyestis
2297 3196 2366 3258 in
2425 3194 2817 3258 altitudinem
2872 3194 3047 3257 samis

690 3296 1034 3360 extruenda
1076 3302 1262 3360 sunt:
1301 3298 1373 3360 in
1400 3316 1513 3361 suo
1554 3301 1773 3383 cuique
1803 3297 2258 3362 consecrandus·
2291 3302 2377 3360 est
2411 3301 2703 3377 pectore.“
2794 3295 3046 3361 Bonam

866 3468 889 3499 ²
924 3467 1003 3521 Cf.
1039 3466 1230 3521 Horat.
1254 3481 1299 3519 c.
1321 3466 1351 3521 I
1376 3467 1424 3537 9,
1448 3467 1512 3522 9:
1546 3466 1817 3521 Permitte
1844 3466 1986 3522 divis
2019 3469 2217 3535 cetera3
2255 3465 2437 3522 Valer.
2460 3466 2605 3520 Max.
2639 3466 2753 3521 VII
2775 3465 2810 3518 2
2832 3464 2962 3521 Ext.
2987 3464 3047 3519 1:

698 3553 871 3621 Teque
893 3554 1069 3607 totum
1103 3550 1417 3607 caelestium
1451 3552 1690 3608 arbitrio
1716 3553 1994 3622 permitte,
2031 3552 2166 3621 quia
2200 3551 2299 3620 qui
2333 3550 2573 3607 tribuere
2609 3551 2752 3606 bona
2786 3568 2853 3606 ex
2881 3549 3049 3618 facili

690 3638 880 3703 solent,
917 3637 1085 3692 etiam
1120 3637 1310 3707 eliyere
1349 3637 1640 3706 aptissime
1665 3640 1921 3707 possunt.
2722 3634 2726 3637 ’

864 3724 888 3755 2
923 3723 1005 3778 cf.
1035 3723 1226 3778 Horat.
1263 3740 1309 3778 c.
1332 3723 1465 3793 131,
1499 3722 1730 3779 17—19:
1764 3722 1916 3778 Emi
1941 3723 2172 3793 paratis
2194 3724 2251 3777 et
2268 3722 2452 3778 valido
2474 3721 2616 3777 mihi
2645 3723 2654 3792 Ι
2683 3721 2860 3776 Latoe
2882 3719 3047 3775 dones

689 3825 756 3863 ac
772 3824 971 3878 precor
990 3807 1383 3878 integralG'um
1404 3811 1613 3879 mente3
1635 3808 1704 3863 cf.
1718 3809 1869 3865 Pers.
1882 3810 2016 3878 1183
2042 3811 2160 3865 Seu.
2186 3825 2267 3878 ep.
2286 3809 2372 3878 41,
2398 3809 2454 3879 13
2485 3808 2640 3878 10‚4;
2659 3804 2971 3873 Petron.88,
2995 3805 3045 3858 7.

864 3894 887 3925 ³
919 3895 1036 3949 Hoc
1073 3895 1186 3949 loco
1221 3899 1279 3949 et
1312 3895 1666 3963 sequentibus
1701 3895 1886 3950 verbis
1909 3895 2222 3958 Stoicorum,
2247 3895 2547 3950 sententias
2568 3891 2783 3959 laudat3
2823 3890 2891 3945 cf.
2916 3905 2963 3944 e.
2986 3905 3045 3959 g.

689 3980 925 4035 Senecae
957 3979 1201 4036 libellum
1216 4023 1229 4050 ‚
1279 3980 1375 4049 qui
1422 3986 1510 4036 est
1554 3981 1622 4035 de
1666 3980 1768 4046 ira,
1816 3986 1874 4035 et
1917 3980 2343 4036 innumerabiles
2388 3980 2530 4034 locos
2543 4020 2556 4047 ‚
2604 3975 2800 4044 quibus
2846 3975 3046 4029 Seneca

689 4066 895 4134 aliique
945 4066 1115 4121 Stoici
1166 4067 1235 4122 de
1286 4073 1494 4123 terrore
1546 4066 1738 4122 mortis
1791 4067 2107 4135 loquuntur.
2176 4066 2260 4120 De
2305 4064 2571 4120 Iuvenale
2622 4060 2887 4129 imprimis
2924 4075 3045 4114 con-

688 4151 944 4207 ferendus
979 4157 1065 4207 est
1099 4152 1166 4207 R.
1202 4153 1462 4208 Schuetze
1496 4151 1780 4207 Iuvenalis
1815 4150 2038 4221 ethicas,
2074 4152 2202 4207 diss.
2239 4150 2443 4219 Gryph.
2482 4147 2634 4201 1905.

862 4238 889 4271 ⁴
922 4237 1004 4293 Of.
1040 4238 1274 4293 Zeller
1307 4239 1395 4293 ΠΙ
1430 4238 1461 4291 1
1499 4254 1552 4307 p.
1589 4236 1833 4306 30981111.

862 4324 887 4356 ὅ
920 4323 1024 4392 Ap.
1059 4323 1310 4380 Lactant.
1347 4323 1553 4379 institt.
1589 4324 1683 4379 lib.
1718 4324 1802 4379 VI
1835 4340 1879 4379 c.
1916 4323 2001 4393 25,
2035 4322 2086 4377 3.
