3509 5067
680 369 769 433 44
1590 365 1858 421 Henricus
1894 365 2136 420 Schmidt
2930 365 3052 452 [44

683 537 825 604 sola
869 535 1107 603 adduci
1151 537 1442 603 homines
1487 540 1563 602 ut
1606 536 1827 602 colant
1870 554 2141 617 superos
2164 535 2208 596 ¹.
2312 535 2454 618 Quo
2499 534 2674 601 facto
2721 535 3055 618 Cyniscus-

681 639 863 709 Iovis
935 639 1159 707 Verbis
1230 637 1342 702 ἐπὶ
1409 636 1632 725 μηδενὶ
1703 639 1995 723 χρησίμῳ
2073 638 2407 720 γίγνεσθαι
2487 634 2602 712 τὰς
2659 639 2900 712 θυσίας
2969 657 3054 705 se

683 748 1058 810 contentum
1121 759 1265 808 esse
1324 741 1689 807 confitetur.
1793 739 2108 806 Homines
2166 738 2378 823 igitur
2436 739 2629 821 quasi
2688 740 3046 807 clementia

682 851 754 912 et
796 843 1247 912 misericordia
1292 842 1591 910 commoti
1628 844 1783 909 deos
1812 842 2053 908 colunt.
2138 842 2290 908 Alio
2320 844 2458 909 loco
2490 842 2789 925 Iuppiter
2819 862 3052 924 quam-

683 966 878 1028 quam
921 948 1115 1015 valde
1158 944 1554 1027 perterritus
1584 944 1794 1029 timet,
1837 963 1921 1011 ne
1966 943 2307 1010 sacrificiis
2351 943 2650 1025 omnique
2694 945 2877 1011 cultu
2905 943 3049 1027 pri-

679 1052 922 1116 ventur
985 1049 1123 1131 dei,
1190 1047 1249 1114 si
1317 1048 1793 1131 Epicureorum
1868 1046 2232 1114 doctrinam
2298 1051 2664 1128 sequantur
2726 1045 3050 1130 homineS,

680 1156 904 1219 tamen
961 1152 1181 1233 paullo
1223 1156 1372 1233 post
1429 1170 1502 1217 se
1546 1150 1938 1232 consolatur,
2000 1152 2168 1232 quod
2212 1149 2660 1232 perditissima
2702 1155 2773 1216 et
2815 1149 3041 1217 infima

680 1254 1078 1323 Graecorum
1121 1253 1276 1320 faex
1334 1250 1395 1337 (ὃ
1439 1253 1714 1340 σύρφαξ)
1760 1257 1829 1319 et
1887 1271 2107 1319 omnes
2159 1252 2433 1319 barbari
2491 1252 2563 1318 in
2621 1251 2835 1319 officio
2891 1271 3045 1334 per·

680 1361 996 1424 maneant
1015 1356 1058 1423 ².
1143 1357 1371 1438 Neque
1403 1375 1593 1438 quam
1623 1356 1734 1438 pia
1766 1355 2103 1437 stultaque
2134 1354 2561 1424 veneratione
2590 1355 2833 1438 vulgus
2863 1355 3040 1421 colat

681 1461 853 1544 deos,
875 1458 1211 1526 Lucianus
1239 1458 1518 1525 irridere
1541 1457 1825 1559 desistit.
1885 1458 2061 1525 Deos
2094 1458 2267 1524 enim
2296 1457 2463 1523 nihil
2490 1458 2789 1541 gratuito
2816 1457 3046 1524 facere

681 1561 980 1629 omnibus
1009 1580 1388 1645 persuasum
1415 1580 1562 1628 esse
1582 1560 1625 1643 ⁸,
1669 1560 2085 1642 turpissimas
2117 1566 2185 1627 et
2212 1559 2779 1627 inhonestissimas
2809 1577 3039 1642 preces

676 1664 902 1746 fundi3
960 1683 1123 1745 quas
1181 1683 1310 1731 non
1371 1663 1723 1730 exauditas
1783 1663 1985 1730 defiat
2043 1663 2375 1746 Iuppiter:
2443 1660 2569 1739 Τὰς
2628 1660 2699 1726 δὲ
2741 1661 3044 1738 ἀνοσίους

682 1766 829 1851 (τῶν
885 1765 1108 1852 εὐχῶν)
1168 1764 1536 1850 ἀπράκτους
1593 1759 1789 1843 αὖθις
1845 1764 2239 1847 ἀπέπεμπεν
2296 1766 2356 1851 (ὁ
2401 1764 2583 1851 Ζεὺς)
2635 1764 3040 1850 ἀποφυσῶν4

680 1871 875 1942 κάτω,
913 1867 1020 1933 ἵνα
1060 1867 1222 1956 μηδὲ
1263 1868 1536 1955 πλησίον
1577 1871 1857 1953 γένοιντο
1899 1879 2013 1932 τοῦ
2053 1867 2336 1954 οὐρανοῦ.

853 1971 1139 2039 Gravius
1176 1991 1367 2054 quam
1399 1972 1730 2038 Maximus
1762 1971 2006 2055 Tyrius
2036 1976 2103 2038 et
2134 1972 2469 2037 Lucianus
2488 1972 2532 2055 ⁶,
2563 1989 2833 2053 quorum
2864 1972 3046 2038 alter

682 2075 852 2142 satis
879 2074 1120 2142 leviter
1160 2094 1522 2157 parumque
1553 2074 1892 2141 subtiliter
1920 2093 1991 2141 se
2021 2077 2108 2141 ad
2135 2074 2614 2156 philosophiam
2643 2072 3040 2158 conferebat,

683 2178 859 2243 alter
887 2177 1302 2259 philosophos
1332 2178 1782 2244 cavillabatur
1811 2181 1880 2244 et
1908 2176 2383 2260 philosophiam
2411 2177 2481 2242 in
2512 2176 2869 2242 ludibrium
2890 2196 3035 2244 ver-

680 2282 890 2363 tebat,
931 2279 1332 2346 Plotinus
1376 2280 1910 2367 (204s5—270s71
1942 2299 2005 2362 p.
2034 2280 2182 2346 Chr.
2212 2280 2304 2364 n.)
2332 2279 2405 2345 in
2449 2298 2582 2345 una
2623 2278 3039 2362 philosophia

678 2385 1088 2451 versabatur.
1147 2384 1320 2467 Quid
1349 2383 1634 2451 senserit
1661 2387 1743 2451 de
1773 2383 2108 2468 religione,
2140 2384 2359 2450 Zeller
2388 2383 2552 2450 dicit
2581 2384 2688 2449 ΠΙ
2713 2386 2753 2450 2
2792 2404 2854 2465 p.
2877 2385 3041 2450 664:

679 2485 891 2551 Plotia
932 2487 1122 2551 stand
1177 2488 1293 2551 der
1342 2489 1637 2570 positiven
1682 2487 1988 2572 Releyion,
2048 2492 2207 2551 trotz
2247 2488 2453 2551 θείνων
2494 2485 3037 2568 Mythendeutuny

681 2588 820 2653 und
846 2593 1001 2654 trotz
1027 2591 1232 2654 seiner
1259 2589 1601 2655 Ansichten
1629 2589 1780 2653 uber
1812 2589 2224 2675 Weissayuny
2255 2589 2391 2654 und
2410 2589 2645 2674 Maqie,
2674 2588 3037 2653 verhc'iltnis-

681 2693 888 2774 mc'issiy
916 2691 1067 2756 noch
1093 2693 1227 2773 free?
1251 2693 1619 2774 yeyem’lber3
1663 2713 1731 2756 er
1767 2691 1940 2773 7⁹22th
1966 2693 2096 2757 sich
2125 2693 2254 2773 auf
2276 2694 2502 2757 seinem
2530 2692 2771 2757 idealen
2802 2690 3036 2757 Scand-

677 2795 882 2878 punkt
904 2796 976 2859 in
1005 2795 1118 2859 der
1137 2794 1534 2876 Philo-sophie
1555 2795 1692 2859 und
1715 2795 1832 2859 der
1853 2795 2381 2877 philosophis-chen
2415 2795 2789 2877 Gesinnuny
2816 2794 3038 2875 hefrie-

679 2896 815 2983 ἀέρι
845 2897 978 2961 und
1004 2898 1182 2962 kann
1208 2897 1308 2962 die
1334 2897 1680 2963 sinulichen
1713 2897 1968 2963 Stic‘tzen
1995 2898 2098 2963 des
2127 2901 2398 2981 iiusseren
2424 2897 2669 2963 Kultus
2696 2896 3040 2963 entbehren.

680 3000 870 3085 Quod
897 3004 976 3066 ut
1005 3003 1332 3085 ostendat,
1375 3000 1593 3067 Zeller
1636 3000 1848 3086 affert,
1892 3003 2066 3083 quod
2097 3000 2400 3068 Plotinus
2431 2998 2686 3067 Amelio
2730 3004 2806 3066 ut
2834 2999 3035 3066 sacri-

679 3103 907 3170 ficaret
937 3103 1198 3184 optanti
1226 3104 1635 3186 respondisse
1667 3103 1945 3170 dicitur:
1975 3102 2285 3178 Ἐκείνους
2314 3103 2477 3188 (scil.
2503 3102 2652 3180 τοὺς
2680 3101 2903 3186 θεοὺς)
2934 3099 3037 3165 δεῖ

678 3203 846 3290 πρὸς
887 3203 999 3286 ἐμὲ
1042 3202 1368 3289 ἔρχεσθαι,
1416 3205 1529 3271 οὐκ
1573 3201 1685 3289 ἐμὲ
1739 3205 1909 3290 πρὸς
1951 3203 2230 3283 ἐκείνους
2256 3206 2300 3272 ⁰.
2402 3205 2842 3272 Nihilominus
2885 3205 3037 3270 Plo-

679 3307 861 3374 tinus
908 3309 1362 3375 demonstrare
1405 3311 1629 3375 studet
1672 3308 1819 3374 fieri
1861 3327 2074 3391 posse,
2135 3313 2209 3375 ut
2267 3307 2679 3391 precationes
2723 3326 3034 3391 magnam

672 3409 813 3479 ‘vim
871 3409 1303 3492 effectumque
1368 3413 1697 3494 habeant,
1758 3430 2150 3493 quamquam
2207 3413 2399 3478 deum
2457 3410 2828 3477 hominibus
2885 3427 3037 3492 pro-

855 3583 874 3614 ²
909 3599 954 3637 c.
991 3582 1040 3637 7.
1401 3582 1424 3615 ²
1456 3584 1615 3653 Iupp.
1649 3587 1796 3654 trag.
1833 3600 1878 3639 c.
1916 3583 2075 3652 lsssq.

853 3668 876 3699 ⁸
914 3670 1061 3735 Περὶ
1092 3669 1306 3721 θυσιῶν
1340 3685 1385 3725 c.
1420 3669 1482 3725 2:
1521 3665 1687 3723 οὕτως
1722 3664 1900 3729 οὐδέν,
1937 3668 2009 3723 (ὃς
2044 3670 2235 3728 ἔοικεν,
2271 3667 2472 3733 ἀμισθὶ
2506 3668 2757 3718 ποιοῦσιν
2803 3661 2885 3719 ὧν
2918 3684 3036 3717 ποι-

676 3755 851 3814 οῦσιν,
886 3747 1019 3805 ἀλλὰ
1052 3751 1293 3806 πωλοῦσι
1324 3768 1437 3810 τοῖς
1470 3753 1792 3823 ἀνθρώποις
1813 3752 2057 3822 τάγαθά,
2090 3758 2178 3804 καὶ
2202 3754 2375 3804 ἔνεστι
2398 3754 2667 3821 πρίασθαι
2690 3751 2818 3821 παρ’
2852 3749 3042 3803 αὐτῶν

676 3838 741 3892 τὸ
776 3840 882 3905 μὲν
914 3838 1176 3906 ὑγιαίνειν
1209 3841 1260 3891 εἰ
1290 3840 1441 3902 τύχοι
1473 3836 1702 3907 βοϊδίου.
1773 3841 1855 3897 Cf.
1891 3839 2299 3909 Aristophanes,
2335 3838 2535 3894 Eccles.
2572 3855 2625 3892 V.
2661 3837 2764 3891 778
2780 3854 2895 3906 sqq.

849 3926 874 3958 ⁴
908 3926 988 3981 cf.
1025 3941 1164 3995 quae
1198 3932 1432 3981 annotat
1463 3925 1803 3981 Fritzscbius
1838 3926 1909 3981 ad
1943 3926 2089 3981 huno
2123 3925 2315 3980 locum.

850 4011 875 4043 ⁶
891 4011 995 4066 Dio
1007 4011 1293 4067 Prusensis
1305 4012 1566 4080 quomodo
1580 4010 1907 4067 iudicaverit
1919 4012 1985 4067 de
2004 4010 2309 4066 simulacris
2332 4010 2552 4065 deorum
2567 4014 2625 4063 et
2635 4007 3037 4077 precationibus

676 4096 922 4152 iuvenies
957 4097 1104 4165 apud
1125 4098 1194 4152 H.
1219 4113 1273 4154 v.
1298 4096 1488 4152 Arnim
1512 4096 1696 4152 Leben
1718 4096 1837 4150 und
1869 4096 2059 4152 We-rke
2082 4096 2175 4151 des
2194 4095 2312 4150 Dio
2334 4111 2443 4150 von
2465 4094 2654 4149 Pru-sa
2679 4093 2813 4148 1898
2836 4109 2889 4162 p.
2912 4091 3034 4146 478.

848 4182 873 4214 ⁶
908 4182 1088 4237 Zeller
1121 4183 1212 4237 ΠΙ
1245 4183 1279 4236 2
1312 4199 1365 4252 p.
1401 4181 1519 4253 470,
1557 4183 1619 4237 1:
1665 4182 1795 4236 Hat
1827 4181 2022 4237 Plotia
2057 4181 2172 4236 dies
2216 4180 2464 4235 wirklich
2503 4181 2705 4250 yesayt,
2752 4194 2814 4232 80
2860 4177 3035 4232 wolltc

677 4283 740 4321 er
782 4266 966 4321 damit
1021 4266 1158 4321 ohne
1204 4266 1432 4336 Zweifel
1476 4267 1846 4335 ausdrv'a’cken,
1896 4266 1983 4322 die
2034 4266 2286 4323 Gottlceit
2327 4270 2508 4321 miisse
2556 4266 2638 4320 im
2682 4264 2898 4318 Inuera
2943 4262 3041 4317 des

672 4352 974 4409 Menschen
1009 4352 1311 4421 einkehrcn,
1358 4352 1515 4407 nicht
1545 4356 1715 4420 auster
1747 4353 1865 4408 ihm
1899 4352 1962 4409 in
1994 4353 2100 4408 den
2142 4352 2398 4422 Tempeln
2433 4349 2760 4421 aufqesucht
2804 4347 3037 4404 werden.
