3509 5067
639 321 723 385 23
1544 319 1815 374 Henricus
1850 318 2094 374 Schmidt
2886 322 2996 409 [28

810 489 1039 557 Persio
1083 508 1474 571 quamquam
1517 488 1805 557 vidimus
1836 508 1980 556 esse
2027 492 2341 570 quasdam
2395 508 2539 556 cum
2598 490 2750 558 aliis
2794 494 2997 575 scrip-

639 593 895 660 toribus
924 591 1401 676 similitudines»,
1432 596 1510 658 ut
1538 611 1681 660 cum
1712 592 2008 676 Horati0,
2052 597 2317 659 auctore
2347 592 2715 661 Alcibiadis
2750 594 2999 679 dialogi

642 695 811 779 aliis,
840 699 1065 761 tamen
1085 694 1204 761 vix
1226 694 1371 761 fieri
1400 698 1635 777 potest,
1663 700 1742 762 ut
1766 695 1911 775 quis
1936 701 2118 761 certe
2140 693 2389 761 fontem
2413 698 2534 761 aut
2555 695 2772 763 fontes
2792 697 2997 782 signi·

638 797 809 881 ficet,
854 815 890 862 e
935 796 1170 878 quibus
1213 796 1529 863 hauserit.
1630 796 1820 889 Quod
1857 799 2031 879 apud
2075 797 2230 865 Iuv
2246 815 2283 863 e
2299 816 2344 863 n
2360 798 2576 879 alem
2619 798 2766 865 fieri
2803 819 2998 882 posse

640 904 798 965 sunt
840 898 1078 979 quibus
1122 899 1448 965 videatur.
1538 898 1877 966 Iuvenalis
1931 918 2200 983 quoque,
2260 905 2338 966 ut
2380 900 2662 984 Persius,
2717 902 2996 970 satiram
3080 888 3086 892 ’

641 1003 722 1067 de
745 1000 1054 1083 precibus
1077 1000 1388 1084 condidit,
1416 1004 1550 1085 aut,
1581 1004 1659 1067 ut
1690 1002 1758 1067 in
1793 1000 2013 1068 codice
2042 1003 2099 1068 P
2121 1002 2598 1085 praescriptum
2621 1003 2900 1087 legimus
2922 1005 3001 1069 de

639 1106 794 1168 votis
851 1105 1184 1168 contrariis
1202 1106 1245 1169 ¹.
1340 1103 1823 1186 Argumentum
1884 1108 2104 1170 autem
2176 1123 2376 1188 saepe
2443 1107 2868 1173 decantatum
2925 1108 2997 1174 in

638 1205 895 1273 modum
940 1204 1435 1272 declamationis
1477 1206 1849 1273 rhetoricae
1881 1206 2109 1273 allatis
2138 1208 2452 1289 exemplis
2481 1209 2779 1275 omnibus
2822 1209 2997 1276 notis

641 1307 810 1375 satis
840 1307 1085 1392 frigide
1114 1308 1479 1391 perfectum
1507 1312 1611 1375 est
1627 1308 1672 1375 ².
1713 1308 1817 1376 De
1846 1309 2138 1376 fontibus
2170 1316 2292 1376 sat.
2314 1310 2398 1375 X.
2430 1311 2505 1376 L.
2521 1311 2999 1379 Friedlaender

640 1417 917 1478 annotat
960 1431 1019 1493 p.
1063 1411 1222 1477 450:
1288 1411 1425 1475 Der
1483 1411 1882 1496 Geqenstand
1937 1412 2048 1476 der
2092 1412 2317 1498 Satire,
2374 1413 2475 1477 dic
2520 1413 2807 1479 Thorheit
2863 1415 2999 1479 und

651 1513 1164 1578 Verderblichkcit
1218 1513 1331 1578 der
1371 1513 1745 1598 yewo‘hnlich
1801 1535 1890 1578 an
1944 1514 2043 1579 die
2102 1515 2317 1580 Gotter
2368 1516 2728 1601 yerichteten
2788 1516 2999 1583 Gebete

641 1616 776 1681 und
830 1616 1138 1681 Wffinsclze
1179 1637 1313 1680 war
1369 1619 1469 1681 ein
1514 1617 1584 1680 in
1644 1617 1758 1681 der
1806 1617 2605 1702 popularphilosophischen
2647 1619 3000 1685 Idtteratur

642 1718 926 1802 offenbar'
955 1720 1076 1784 viel
1118 1718 1518 1784 behandelter.
1604 1720 1987 1787 Iuvenalem
2031 1726 2149 1800 aut
2189 1721 2533 1789 Alcibiade
2575 1722 2836 1806 dialogo
2881 1726 3000 1789 aut-

640 1821 870 1888 Persio
921 1828 1039 1888 aut
1083 1822 1332 1888 Seneca
1374 1841 1562 1888 usum
1601 1841 1745 1889 esse
1789 1841 1920 1889 non
1955 1827 2173 1906 putat.
2258 1822 2553 1907 Dayeyen
2595 1824 2702 1889 hat
2739 1824 3002 1890 Juvenal

641 1923 938 1989 vielleicht
990 1923 1283 1989 Valerius
1323 1925 1654 1990 Maximus
1707 1924 1842 1990 VII
1884 1927 1929 1989 2
1973 1925 2118 1993 Exi.
2164 1926 2424 1993 benntzt.

813 2026 1178 2093 Secundum
1208 2028 1545 2111 Mayorem
1581 2026 1869 2092 Thirteen
1901 2027 2138 2093 Satires
2173 2029 2249 2111 of
2268 2029 2538 2095 Juvenal
2564 2031 2693 2098 vol.
2725 2029 2797 2096 II
2824 2049 2886 2112 p.
2916 2031 2999 2097 65

574 2210 581 2219 ι
640 2129 978 2196 Iuvenalis
991 2129 1327 2197 Valerium
1344 2130 1718 2214 Maximum,
1729 2149 1921 2212 quem
1939 2135 2175 2212 quarto
2191 2151 2251 2213 p.
2263 2131 2411 2199 Chr.
2425 2151 2487 2199 n.
2506 2132 2819 2200 decennio
2840 2131 2998 2199 scri-

640 2234 797 2299 bere
841 2230 1134 2314 coepisse
1176 2232 1537 2299 verisimile
1582 2238 1701 2315 est,
1755 2252 2062 2317 magnam
2106 2240 2362 2317 partem
2407 2234 2705 2302 imitatus
2748 2241 2882 2302 est:
2939 2237 3001 2300 A

632 2355 901 2421 passaqe
941 2335 1133 2400 which
1165 2356 1242 2399 as
1268 2336 1400 2400 also
1427 2335 1599 2401 Plat.
1641 2335 1782 2402 Allo.
1812 2335 1908 2402 ΙΙ.
1953 2337 2087 2401 ancl
2113 2336 2372 2402 Persius
2410 2337 2526 2422 IL,
2554 2339 2837 2404 Juvenal
2874 2338 3000 2403 had

644 2438 846 2520 before
889 2438 1020 2502 him
1042 2438 1084 2503 3.

643 2577 966 2645 sumptuosa
995 2573 1250 2629 blandior
1271 2574 1468 2644 hostia,
1499 2576 1509 2642 Ι
1538 2573 1785 2629 Mollivit
1811 2591 2025 2630 aversos
2052 2577 2282 2644 penates
2312 2576 2320 2643 Ι
2350 2575 2533 2630 Farre
2548 2575 2649 2644 pio
2683 2578 2740 2629 et
2770 2575 3001 2630 saliente

643 2660 804 2716 mica.
861 2659 1112 2716 Iuvenal.
1149 2665 1254 2715 sat.
1279 2660 1331 2715 X
1359 2660 1490 2729 3553
1527 2660 1650 2715 Sen.
1675 2660 1743 2715 de
1767 2660 1887 2716 ben.
1912 2662 1942 2715 I
1966 2660 2015 2731 6,
2046 2661 2107 2715 3:
2155 2660 2354 2728 Itaque
2388 2659 2519 2715 boni
2547 2660 2716 2715 etiam
2745 2660 2905 2728 farre
2938 2676 3004 2715 ac

639 2745 808 2814 fitilla
840 2744 1086 2815 religiosi
1119 2749 1266 2803 sunt.
2056 2812 2059 2815 ⁴
2720 2815 2727 2822 .

820 2833 840 2864 ¹
874 2833 993 2887 Iam
1028 2832 1087 2887 in
1122 2832 1294 2887 satira
1316 2831 1494 2901 prima
1527 2832 1675 2888 inter
1720 2833 1897 2888 stulta
1932 2832 2209 2888 hominum
2244 2833 2412 2902 facta,
2447 2848 2588 2900 quae
2611 2832 2838 2887 irridere
2861 2833 2998 2902 vult,

643 2924 830 2976 votum
856 2933 1071 2986 quoque
1094 2925 1394 2988 enumerat,
1430 2935 1483 2974 v.
1506 2918 1741 2974 85-86:
1785 2918 2066 2988 Quidquid
2089 2920 2267 2989 ayunt
2286 2917 2546 2984 homines,
2581 2920 2779 2986 votum,
2818 2917 2998 2988 timor,

641 3006 748 3073 ira,
783 3004 1047 3074 voluptas,
1080 3004 1088 3073 1
1116 3003 1339 3086 yaadia,
1378 3003 1674 3075 discursus,
1710 3003 1896 3060 nostri
1929 3004 2159 3075 farrago
2194 3003 2361 3058 libelli
2397 3006 2493 3058 est.

762 3145 768 3151 ,
816 3090 840 3122 ⁹
874 3089 1078 3146 Videas
1110 3090 1328 3161 Lehrsii
1373 3090 1634 3146 iudicium
1675 3091 1733 3145 in
1782 3090 2021 3146 editione
2066 3089 2477 3145 Friedlaenderi
2511 3106 2563 3158 p.
2599 3089 2718 3160 450,
2756 3089 2850 3157 qui
2884 3088 2999 3158 ipse

643 3192 855 3244 quoque
890 3175 1052 3230 dicit:
1100 3174 1218 3229 Mit
1250 3175 1570 3230 Aasnahme
1605 3175 1778 3231 dieses
1813 3176 2088 3231 Schlusses
2135 3176 2331 3245 beweqt
2362 3173 2478 3230 sich
2512 3174 2748 3230 Invenal
2782 3173 2901 3229 hier
2937 3174 2998 3228 in

641 3261 748 3315 den
780 3259 1263 3330 ausqefahrensten
1305 3259 1555 3314 Geleisen
1590 3260 1688 3315 cler
1720 3260 2235 3316 Rhetorenschulen.

820 3347 842 3378 ³
877 3345 963 3400 De
987 3344 1285 3400 Alcibiadis
1309 3346 1382 3401 Π.
1419 3346 1677 3401 eti-Persii
1699 3347 2009 3403 imitatione
2038 3363 2161 3402 cum
2183 3347 2403 3415 Mayore
2428 3346 2733 3401 consentire
2766 3361 2998 3414 nequem
3117 3374 3130 3381 -

642 3431 778 3487 mihi
805 3432 1024 3500 placent
1049 3430 1435 3486 Friedlaender
1464 3437 1522 3487 et
1543 3431 1898 3487 Fritzschius.
1961 3433 2164 3488 Contra
2191 3431 2402 3488 Valerii
2424 3431 2650 3487 Maximi
2667 3436 2733 3487 ut
2754 3430 2998 3487 imitator

641 3518 812 3573 fuerit
844 3516 1126 3572 Iuvenalis
1159 3516 1281 3571 fieri
1314 3532 1470 3585 posse
1503 3517 1640 3572 mihi
1673 3517 1911 3573 videtur.
1980 3517 2346 3572 Nihilominus
2382 3517 2448 3572 de
2481 3517 2711 3587 ratione,
2748 3532 2889 3585 quae
2922 3531 3001 3571 se-

642 3604 879 3659 cundum
903 3603 1180 3671 Mayorem
1197 3601 1492 3657 intercedit
1512 3602 1659 3658 inter
1681 3603 1999 3659 Iuvenalem
2024 3608 2081 3658 et
2105 3602 2383 3659 Valerium
2400 3602 2699 3657 Maximum
2738 3602 3001 3658 nonnulla

643 3687 779 3744 mihi
817 3694 949 3744 sunt
983 3688 1249 3744 addenda.

652 3791 979 3846 Valerius
1009 3789 1348 3845 Maximus
1373 3790 1778 3846 Vnsexm.
2101 3790 2474 3847 Iuvenalis
2508 3790 2563 3844 X
2595 3790 2749 3844 3—4.

643 3877 730 3932 Et
749 3876 896 3932 enim
921 3874 1266 3931 densissimis
1281 3873 1514 3930 tenebris
1526 3874 1781 3931 involuta
1874 3876 2056 3932 Pauci
2089 3875 2366 3931 dinoscere
2391 3877 2634 3945 possunt
2659 3874 2670 3943 Ι
2699 3888 2825 3929 vera
2856 3873 2999 3928 bona

646 3965 730 4018 est
762 3962 1087 4017 mortalium
1131 3977 1300 4033 mens,
1347 3960 1413 4015 in
1458 3961 1624 4031 qnam
1671 3961 1781 4016 late
1874 3965 2036 4031 atque
2067 3961 2186 4017 illis
2220 3961 2456 4017 multum
2493 3960 2722 4030 diversa,
2757 3959 3000 4028 remota}

633 4049 922 4117 patentem
955 4063 1195 4102 errorem
1219 4063 1407 4102 caecas
1432 4041 1781 4117 precationes
1877 4046 2085 4101 erroris
2116 4045 2329 4101 nebula.

648 4135 774 4186 tuas
814 4132 1033 4203 sparqis
1047 4134 1069 4186 !

818 4218 934 4285 Quo
966 4219 1081 4274 loco
1105 4219 1505 4274 concedendum
1528 4218 1746 4286 quidem
1773 4223 1860 4273 est
1893 4233 2001 4273 non
2024 4233 2141 4273 esse
2163 4233 2380 4273 necesse
2401 4218 2720 4274 Iuvenalem
2756 4222 3005 4272 secutum

645 4319 762 4359 esse
808 4303 1088 4359 Valerium
1135 4305 1448 4359 Maximum.
1543 4302 1686 4358 Nam
1733 4303 1902 4358 verba
1946 4305 2156 4358 remota
2192 4302 2397 4357 erroris
2441 4303 2639 4359 nebeim
2685 4302 2869 4358 versui
2914 4301 3007 4355 ni-

3503 1921 3504 1942 ᾼ
3493 1373 3505 1828 *deun—Q„
3499 1245 3504 1338 ..φῇ
3497 1101 3504 1124 ι
