3509 5067
673 295 758 359 26
1575 292 1845 346 Henricus
1880 292 2122 347 Schmidt
2918 295 3034 382 [26

674 469 866 529 mente
908 472 963 528 et
1019 484 1155 528 voce
1195 483 1564 545 veneremur,
1625 467 1695 529 et
1753 463 1977 545 paullo
2019 466 2169 545 post
2220 501 2298 510 —-
2364 482 2491 545 quo
2548 463 2689 529 loco
2754 483 2949 532 unam
2997 486 3036 533 e

671 585 909 650 magno
953 584 1220 632 numero
1271 565 1764 649 magnificarum
1823 571 2123 634 veterum
2184 565 2726 649 etymologiarum
2781 567 3036 634 inveni-

671 687 845 736 mus:
895 668 1018 748 Qui
1060 673 1209 732 totos
1251 668 1384 732 dies
1423 667 1840 750 precabantur
1868 672 1924 731 et
1964 667 2387 749 immolabant,
2435 675 2505 732 ut
2547 668 2667 732 sibi
2707 671 2809 734 sui
2852 670 3033 735 liberi

672 773 1022 853 superstites
1063 776 1276 853 essent,
1321 771 1727 851 superstitiosi
1768 777 1915 833 sunt
1956 771 2272 851 appellati.

842 872 1238 939 Posterioris
1283 873 1529 939 aetatis
1574 872 1781 939 Stoici
1825 872 2085 954 copiose
2145 880 2216 940 et
2276 874 2522 940 diserte
2584 876 2663 941 de
2723 876 3033 957 precibus

673 981 951 1061 egerunt
1008 981 1075 1041 et
1135 975 1383 1057 primus
1437 975 1695 1057 quidem
1744 978 1821 1041 A.
1867 977 2227 1043 Persius
2279 977 2689 1044 Flaccus1
2747 981 3036 1045 secunda

675 1080 900 1162 satira,
942 1098 1072 1161 qua
1094 1085 1170 1145 ut
1200 1078 1550 1145 Alcibiade
1578 1079 1667 1144 II.
1696 1097 1924 1160 preces
1969 1084 2351 1146 tractantur
2380 1098 2628 1162 eaeque
2656 1100 2785 1147 non
2828 1081 3034 1147 solum

674 1184 922 1250 stultae
967 1188 1037 1249 et
1090 1179 1498 1264 periculosae
1558 1184 1676 1248 sed
1733 1182 1932 1248 etiam
1992 1182 2308 1267 nefariae,
2371 1202 2539 1264 quae
2598 1183 2817 1250 Persii
2872 1189 3033 1250 tem-

674 1287 944 1369 poribus
988 1303 1117 1352 non
1159 1304 1357 1351 rarae
1388 1285 1592 1351 fuisse
1620 1285 1936 1352 videntur
1957 1285 1998 1351 2.
2088 1285 2315 1351 Satira
2344 1285 2665 1353 dividitur
2693 1284 2765 1352 in
2807 1292 3035 1367 partes

676 1390 870 1471 duas;
929 1387 1145 1471 priore
1204 1388 1502 1471 legimuS,
1561 1406 1732 1469 quae
1792 1392 2025 1469 optent
2069 1389 2378 1472 homines,
2424 1389 2658 1470 altera,
2723 1390 3036 1470 quomodo

676 1493 828 1558 deos
874 1509 1288 1573 corrumpere
1334 1495 1667 1556 conentur.
1771 1490 1994 1571 Atque
2053 1490 2333 1572 primum
2395 1490 2544 1574 agit
2598 1491 2680 1556 de
2738 1489 3037 1556 scelestis

674 1594 981 1675 precibus
1011 1598 1210 1674 atque
1254 1591 1480 1658 tacitis
1502 1593 1545 1676 3,
1590 1591 1783 1659 avari
1823 1591 1996 1660 votis
2015 1593 2043 1631 4
2088 1599 2158 1659 et
2200 1594 2626 1659 detestandos
2670 1592 3035 1659 dissimula-

675 1703 853 1762 tores
883 1694 1137 1776 irridet,
1183 1695 1313 1778 qui,
1357 1700 1432 1762 ut
1475 1703 1678 1759 sancte
1721 1694 2110 1777 turpissima
2154 1702 2450 1779 poscant,
2496 1701 2701 1778 caput
2742 1700 3035 1779 purgant

676 1798 1002 1883 (15—16).
1067 1798 1128 1863 N
1131 1816 1213 1863 on
1236 1800 1483 1880 pudere
1506 1816 1615 1864 eos
1638 1799 1862 1865 Iovem
1885 1798 2187 1880 precibus
2210 1798 2547 1880 impellere
2570 1801 2611 1882 ⁵,
2649 1817 2813 1880 quas
2836 1798 3036 1865 iudex

851 1968 870 1999 ¹
906 1969 1055 2035 Quae
1092 1969 1238 2035 apud
1273 1968 1644 2023 Horatium
1682 1957 1874 2023 valent
1909 1984 2106 2036 preces²
2146 1968 2464 2036 plerumque
2497 1968 2556 2022 in
2591 1967 3035 2023 annotationibus

681 2069 922 2121 exposul.

846 2138 1069 2194 Persius
1103 2155 1202 2207 per
1226 2139 1512 2194 Annaeum
1545 2141 1845 2194 Cornutum
1868 2139 2106 2194 Stoicum
2130 2139 2188 2193 in
2211 2138 2606 2208 philosophiam
2641 2138 2898 2193 inductus
2932 2144 3032 2206 est,

675 2225 931 2281 Senecam
967 2240 1178 2292 quoque
1212 2240 1331 2279 sero
1366 2224 1584 2292 quidem
1620 2226 1890 2295 cognovit,
1940 2241 2079 2293 quae
2125 2230 2423 2280 narrantur
2462 2224 2522 2280 in
2568 2224 2689 2280 vita
2735 2224 2819 2279 ed.
2866 2223 2904 2278 J
2904 2224 3036 2277 ahn-

674 2311 942 2365 Biicheler
975 2327 1028 2379 p.
1063 2311 1147 2365 58.
1231 2310 1469 2366 Stoicum
1526 2311 1695 2367 fuisse
1740 2311 1992 2367 Persium
2039 2327 2163 2366 cum
2210 2311 2269 2365 in
2304 2311 2425 2365 vita
2460 2315 2703 2379 apparet,
2751 2315 2874 2365 tum
2917 2308 3036 2377 ipse

676 2395 812 2450 (licit
853 2402 956 2451 sat.
992 2396 1044 2451 V
1068 2396 1137 2449 64
1172 2412 1231 2450 se
1264 2396 1584 2451 Cleanthem
1619 2413 1736 2451 esse
1761 2402 2024 2464 secutum,
2062 2397 2129 2450 cf.
2154 2397 2243 2450 Fr.
2270 2395 2659 2464 Knickenberg
2695 2394 2785 2449 De
2818 2392 3037 2449 ratione

678 2480 866 2536 Sto-ica
899 2481 963 2535 in
999 2480 1182 2535 Persii
1216 2480 1408 2535 satiris
1442 2485 1752 2551 apparente,
1789 2481 1933 2536 Diss.
1968 2482 2197 2536 Monast.
2237 2480 2388 2535 1867.

850 2565 873 2597 ⁹
909 2565 1156 2621 Persium
1191 2566 1426 2620 secundo
1460 2566 1741 2621 Alcibiade
1787 2582 1948 2621 usum
1984 2582 2100 2621 esse
2148 2583 2251 2636 ego
2286 2566 2506 2634 quidem
2542 2566 2676 2620 mihi
2710 2565 3038 2635 persuadere

677 2666 785 2706 non
819 2667 1051 2720 possum.
1122 2650 1520 2707 Similitudines
1556 2651 1700 2707 enim
1736 2652 1993 2706 minimae
2029 2659 2160 2707 sunt
2195 2659 2251 2707 et
2291 2652 2351 2707 in
2386 2652 2547 2707 rebus
2581 2656 2697 2707 tam
2733 2650 3038 2720 divulgatis

676 2737 837 2793 facile
883 2737 1044 2792 aliter
1089 2736 1449 2806 explicantur.
1531 2738 1733 2793 Contra
1784 2737 1989 2793 Stoicos
2034 2754 2132 2793 suo
2178 2753 2325 2793 more
2371 2737 2625 2793 imitatus
2672 2741 2756 2793 est
2801 2736 3035 2804 Persius,

681 2823 777 2891 qui
812 2824 880 2878 de
914 2828 1238 2893 argumento
1273 2823 1644 2892 precationum
1680 2839 1844 2893 saepe
1879 2823 2247 2893 disputavisse
2281 2824 2557 2879 videntur.

852 2909 875 2940 ⁸
910 2909 995 2964 De
1027 2907 1214 2964 tacitis
1249 2908 1498 2977 precibus
1533 2908 1699 2965 velim
1743 2909 1989 2964 conferas
2023 2910 2074 2965 S.
2112 2908 2364 2964 Sudhaus
2405 2908 2569 2963 Arch.
2603 2907 2649 2975 f.
2686 2906 3035 2978 Reliyiomw.

678 2995 760 3049 IX
795 2993 971 3063 (1906)
1006 3011 1059 3063 p.
1096 2994 1198 3049 185
1222 3010 1336 3063 sqq.
1387 3001 1446 3050 et
1480 3011 1560 3064 ea,
1599 3011 1738 3063 quae
1773 2995 1890 3064 ipse
1937 2995 1996 3049 in
2043 2995 2284 3064 pleniore
2317 2994 2483 3049 huius
2519 2993 2763 3062 opusculi
2799 2991 3038 3048 editione

677 3082 738 3135 in
773 3081 879 3136 fine
915 3080 1120 3136 addidi.

850 3166 874 3197 ⁴
908 3166 1131 3222 Persius
1166 3172 1268 3222 sat.
1307 3166 1366 3220 II
1399 3167 1561 3234 9sqq.
1598 3170 1655 3221 et
1689 3166 1979 3221 Petronius
2014 3166 2098 3236 88,
2138 3168 2168 3219 7
2184 3183 2298 3234 sqq.
2336 3165 2645 3220 conferendi
2680 3169 2834 3219 sunt:

1088 3251 1395 3307 Petronius
1848 3254 1854 3310 1
2350 3250 2583 3324 Persius.

817 3337 1026 3391 Statim
1072 3339 1368 3405 antequam
1416 3335 1578 3391 limen
1647 3336 1809 3406 Capi-

680 3421 803 3477 tolii
821 3424 1071 3493 tangunt,
1097 3422 1246 3477 aliua
1283 3421 1490 3477 donum
1503 3422 1807 3491 promittit,
2903 3417 2952 3473 O
2984 3415 3036 3471 ci

678 3508 731 3561 si
757 3507 1135 3578 propinquam
1168 3507 1395 3563 divitem
1429 3506 1702 3574 extulerit,
1902 3508 2131 3563 ebulliat
2156 3510 2420 3576 patruus,
2448 3506 2809 3575 praedm-um
2841 3503 3038 3572 funus·

1903 3594 1971 3647 12
1983 3610 2097 3662 sqq.
2158 3592 2500 3662 pupillumve
2582 3590 2812 3645 utinam
2879 3604 3038 3657 quom

1893 3679 2191 3749 proximus
2210 3678 2364 3733 hereo
2381 3677 2617 3747 impsum
2636 3692 2951 3746 eoepunyam
2964 3718 2977 3731 .
2995 3717 3006 3728 .
3022 3716 3034 3727 .

1902 3764 2074 3819 Nerio
2143 3763 2262 3818 iam
2324 3763 2491 3818 tertia
2557 3762 2818 3817 conditur
2874 3776 3034 3815 uxor.

1902 3849 1985 3904 Cf.
2021 3850 2184 3904 Mart.
2221 3849 2249 3901 Ι
2287 3847 2369 3903 10.
2419 3930 2424 3936 ἴ
3026 3928 3037 3939 ·

2922 3946 2953 3984 o
2988 3944 3039 3982 st

683 4020 849 4088 alius,
885 4019 936 4074 ai
973 4021 1295 4078 thesaurum
1336 4019 1600 4088 effoderit.
1902 4018 2004 4073 sub
2037 4021 2222 4073 rastro
2258 4020 2438 4088 crepet
2469 4017 2687 4087 argenti
2717 4015 2857 4071 ‘mim
2890 4014 3040 4070 acria

1905 4104 2099 4160 dextro
2132 4103 2385 4159 Hercule.

853 4190 877 4223 ⁵
911 4191 963 4246 J.
998 4192 1049 4246 D
1062 4192 1375 4263 filling-er
1395 4191 1688 4247 Heidenth.
1714 4190 1832 4245 und
1854 4189 2120 4247 Judenth.
2144 4190 2196 4244 S.
2216 4189 2349 4243 635:
2370 4187 2516 4243 Man
2539 4186 2725 4242 wttrde
2749 4188 3035 4252 crwarten,

682 4275 791 4343 class
811 4276 894 4332 bei
925 4280 1141 4348 yrossem
1159 4276 1434 4332 aittlichcn
1462 4275 1765 4333 Verdcrben
1782 4275 1871 4331 dic
1893 4277 2198 4331 entartetcn
2215 4274 2444 4328 Massen
2460 4272 2770 4342 uberhaupt
2789 4287 2860 4326 zu
2881 4270 3040 4325 beten
