3509 5067
454 376 566 465 27]
805 379 1030 433 Veteres
1065 376 1370 446 philosophi
1403 377 1667 445 quomodo
1702 378 2072 434 iudicaverint
2106 379 2173 434 de
2208 379 2457 448 precibus
2564 409 2577 423 ·
2730 383 2813 447 27

455 549 629 616 omni
670 547 993 629 religione
1038 553 1240 628 atque
1269 547 1400 613 fide
1430 565 1663 613 carens
1695 548 2120 615 exhorrescat
2149 549 2472 635 (17—30).
2561 550 2816 617 Deinde

454 649 698 716 stultas
742 649 1192 730 ridiculasque
1234 666 1463 731 preces
1508 648 1906 733 perstringit
1966 649 2160 717 aviae
2219 656 2338 717 aut
2388 655 2815 732 materterae3

456 750 786 818 erroribus
816 752 1113 819 imbutae
1143 750 1452 818 mulieres
1482 750 1900 820 caerimoniis
1938 752 2416 834 superstitiosis
2445 759 2816 836 operantur,

453 858 531 920 ut
559 852 852 921 infantes
882 853 1151 936 expient
1196 852 1302 938 (cf.
1343 853 1422 920 R.
1449 854 1786 921 Wuensch
1827 855 2017 923 Aroh.
2059 856 2113 936 f.
2142 855 2274 920 Bel.
2316 855 2683 923 Wiss‘ensch.
2712 857 2816 922 IX

456 956 625 1024 1906
654 976 715 1039 p.
748 957 915 1041 145).
1003 956 1272 1023 Persius
1311 961 1533 1023 autem
1565 955 1758 1023 dicit:
1803 959 1924 1022 Ast
1960 977 2067 1040 eqo
2094 960 2330 1023 numici
2348 959 2371 996 ¹
2418 978 2547 1023 non
2587 958 2818 1023 mando

452 1066 608 1126 vota.
638 1066 876 1144 neqatO,
913 1060 924 1143 Ι
961 1059 1265 1144 Iuppiter,
1295 1058 1440 1123 haee
1467 1059 1584 1142 illi,
1615 1061 1897 1144 quamvis
1927 1067 1982 1125 te
2009 1061 2218 1126 albata
2247 1063 2489 1143 royarit
2510 1062 2614 1138 (31
2635 1062 2816 1146 sqq.).

454 1163 769 1230 Homines
798 1162 978 1244 ipsos
1006 1161 1144 1229 suis
1173 1161 1478 1244 precibus
1507 1181 1883 1246 repugnare
1905 1163 1931 1200 ²
1974 1163 2266 1230 ostendit
2295 1164 2622 1249 (41-43).
2707 1164 2817 1230 In-

456 1269 614 1346 epta
657 1283 798 1331 esse
844 1264 1197 1349 magnifica
1242 1269 1312 1331 et
1353 1269 1734 1346 sumptuosa
1779 1268 1948 1332 dona
1994 1266 2327 1333 affirmare
2369 1285 2497 1333 non
2542 1266 2815 1333 desinit:

453 1366 543 1431 In
569 1375 779 1432 sancto
824 1367 977 1452 quid
1002 1367 1163 1449 facit
1190 1366 1470 1433 aarum?
1513 1367 1775 1448 quaerit
1794 1367 1821 1405 3
1851 1387 1913 1435 v.
1944 1369 2031 1435 69
2060 1375 2131 1435 et
2157 1371 2540 1451 respondet:
2584 1369 2819 1453 Nempe

452 1467 561 1534 hoc
621 1470 785 1554 quod
854 1470 1080 1535 Veneri
1132 1469 1403 1535 donatae
1458 1490 1499 1533 a
1557 1471 1799 1552 viryine
1828 1490 2043 1554 pupae
2062 1471 2104 1537 ⁴.
2206 1472 2287 1537 In
2346 1471 2475 1537 fine
2534 1472 2816 1554 denique

454 1570 709 1638 satirae
737 1572 1047 1657 (71-75)
1075 1577 1327 1639 rectam
1351 1573 1616 1637 deorum
1648 1572 1864 1638 cultus
1885 1572 2208 1639 rationem
2248 1574 2370 1640 hoc
2400 1576 2584 1641 modo
2613 1573 2819 1658 signi-

451 1671 639 1739 ficat:
690 1674 859 1754 Quin
902 1674 1127 1738 daaenus
1166 1674 1239 1738 id
1276 1675 1540 1757 superi3‚
1587 1673 1661 1738 de
1703 1695 1936 1759 magna
1980 1675 2147 1758 quod
2184 1675 2342 1739 dare
2385 1676 2604 1739 lance⁶
2642 1679 2653 1759 1
2691 1697 2816 1741 non

455 1777 646 1857 possit
688 1778 904 1860 may-ni
942 1775 1262 1841 Messalae
1328 1777 1499 1860 lippa
1547 1776 1878 1861 propago?
1928 1775 1939 1858 Ι
1994 1775 2412 1861 Compositum
2448 1780 2554 1842 ius
2587 1779 2819 1862 fasque

454 1879 665 1943 animo
720 1886 1050 1963 sanctoque
1111 1899 1385 1944 recessus
1435 1879 1444 1964 Ι
1499 1884 1730 1943 mentes
1791 1884 1850 1942 et
1904 1881 2213 1944 incoctum
2267 1900 2553 1962 ¹qeneroso
2601 1887 2819 1965 pectus

453 1980 731 2045 honesto:
771 1981 778 2065 Ι
816 1980 961 2045 haec
1006 1981 1145 2046 cedo
1189 1988 1259 2045 ut
1302 1982 1659 2046 admoveam
1703 1982 1966 2066 templiS,
2014 1988 2072 2047 et
2103 1982 2284 2064 farre
2329 1983 2516 2047 litabo
2538 1983 2581 2049 ⁶.

454 2117 743 2187 aas’qeho‘rt
762 2117 966 2173 hatten.
1036 2117 1206 2172 Diese
1248 2116 1522 2187 Wirkany
1561 2120 1678 2174 trat
1712 2163 1724 2174 .
1766 2161 1777 2173 .
1813 2117 1970 2173 nicht
1993 2116 2098 2174 ein.
2171 2118 2343 2173 Nicht
2373 2118 2508 2173 iiber
2528 2118 2818 2175 Abnahme

454 2202 551 2259 der
578 2202 775 2259 Gebete
798 2202 915 2258 und
937 2202 1110 2273 Opfer
1130 2202 1322 2274 klaqen
1343 2203 1433 2258 die
1456 2203 1561 2258 den
1585 2203 1856 2259 ethischen
1872 2203 2129 2259 Zustand
2153 2248 2165 2260 .
2193 2246 2207 2259 .
2231 2246 2247 2261 .
2270 2203 2652 2259 schildernden
2667 2204 2818 2259 Zeit-

448 2305 726 2359 9enossen.
797 2288 944 2344 Aber
977 2288 1057 2343 sie
1080 2288 1378 2356 entwerfen
1411 2289 1530 2344 eine
1550 2288 1874 2358 furchtbare
1895 2289 2299 2360 Beschreibanq
2322 2305 2428 2345 von
2451 2289 2573 2345 dem
2594 2288 2819 2345 Inhalte

458 2374 637 2430 dieser
665 2374 874 2431 Gebete.
943 2376 1274 2431 Inhonestae
1296 2391 1479 2444 preces
1516 2381 1573 2431 et
1609 2376 1754 2444 apud
1792 2376 2092 2432 Luciunum
2126 2375 2516 2445 Icaromenipp.
2552 2391 2597 2432 c.
2634 2375 2703 2430 25
2736 2375 2817 2431 in·

457 2460 774 2516 veniuntur.
845 2462 995 2528 Quae
1025 2461 1236 2516 nefaria
1270 2462 1570 2531 petiverint
1604 2461 1850 2517 homines
1885 2462 2133 2531 oraculis,
2169 2478 2266 2517 nos
2295 2462 2451 2517 docet
2473 2462 2817 2532 PlutarchuS‚

455 2546 522 2601 de
559 2546 664 2600 def.
713 2562 852 2601 orac.
902 2563 945 2600 c.
984 2549 1031 2615 7,
1080 2563 1186 2615 quo
1232 2547 1347 2602 loco
1393 2547 1663 2616 Didymus
1711 2548 1947 2615 Cynicus
1993 2547 2157 2602 dicit:
2224 2546 2566 2598 Τοῦναντίον
2601 2542 2647 2597 δ’
2684 2545 2819 2614 ὑμῖν

455 2629 560 2698 ἐγὼ
602 2628 894 2701 προβάλλω
927 2627 1282 2700 διαπορῆσαι,
1329 2632 1444 2686 πῶς
1478 2630 1595 2695 οὐχὶ
1628 2635 1718 2683 καὶ
1756 2630 1885 2685 τότε
1920 2626 2212 2701 ἀπείρηκεν
2248 2630 2300 2701 (ὁ
2334 2629 2643 2702 Ἀπόλλων),
2692 2628 2820 2684 οὐδὲ

450 2713 712 2787 “Ηρακλῆς
757 2712 922 2772 αὖθις
957 2713 991 2782 ἢ
1022 2736 1105 2771 τις
1151 2711 1309 2771 ἄλλος
1357 2719 1511 2770 θεῶν
1557 2717 1822 2770 ὑπέστακε
1854 2717 1955 2771 τὸν
2000 2715 2250 2788 τρίποδα,
2298 2715 2819 2783 καταπιμπλάμενον

455 2803 692 2870 αἰσχρῶν
726 2806 816 2853 καὶ
847 2801 1039 2855 ἀθέων
1062 2802 1445 2873 ἐρωτημάτων,
1481 2801 1516 2854 ἃ
1541 2807 1622 2869 τῷ
1646 2805 1770 2867 θεῷ
1803 2801 2225 2872 προβάλλουσιν,
2250 2806 2304 2856 οἱ
2336 2805 2439 2870 μὲν
2463 2802 2536 2860 ὥς
2558 2805 2818 2873 σοφιστοῦ

454 2883 738 2956 διάπειραν
771 2883 1162 2956 λαμβάνοντες,
1201 2891 1254 2940 σὶ
1287 2884 1347 2939 δὲ
1367 2892 1495 2960 περὶ
1527 2891 1831 2960 θησαυρῶν
1863 2885 1895 2954 ἢ
1920 2886 2317 2961 κληρονομιῶν,
2351 2884 2385 2953 ἢ
2417 2888 2612 2958 γάμων
2645 2906 2820 2957 παρα-

453 2970 645 3038 νόμων
679 2974 1042 3041 διερωτῶντες
1077 2970 1215 3025 ὥστε
1248 2972 1383 3026 κατὰ
1417 2974 1610 3042 κράτος
1646 2972 2017 3044 ἐξελέγχεσθαι
2049 2974 2150 3026 τὸν
2189 2975 2541 3044 Πυθαγόραν
2576 2971 2816 3041 εἰπόντα,

453 3052 763 3124 βελτίστους
786 3059 996 3110 ἑαυτῶν
1015 3060 1274 3128 γίνεσθαι
1305 3061 1430 3115 τούς
1461 3057 1802 3130 ἀνθρώπους
1825 3056 1963 3111 ὅταν
1984 3055 2122 3128 πρὸς
2155 3058 2283 3114 τοὺς
2315 3060 2480 3113 θεοὺς
2502 3054 2790 3127 βαδίζωσιν
2804 3073 2816 3084 ·

455 3140 624 3197 οὕτως
657 3139 693 3195 ἃ
727 3140 899 3198 καλῶς
933 3142 1091 3207 εἶχεν,
1126 3143 1437 3212 ἀνθρώπου
1471 3147 1841 3214 πρεσβυτέρου
1887 3143 2176 3216 παρόντος,
2222 3143 2517 3213 ἀρνεῖσθαι
2562 3147 2653 3195 καὶ
2685 3137 2818 3194 εἷπο-

455 3226 709 3297 κρύπτειν
754 3229 1038 3295 νοσήματα
1079 3233 1170 3296 τῆς
1217 3232 1384 3299 ψυχῆς
1427 3235 1516 3283 καὶ
1549 3230 1730 3295 πάθη,
1775 3232 1946 3283 ταῦτα
1991 3228 2169 3298 γυμνὰ
2215 3234 2306 3280 καὶ
2349 3231 2624 3300 περιφανῆ
2668 3233 2820 3295 κομί-

456 3313 640 3374 ζουσιν
675 3315 764 3365 ἐπὶ
796 3314 897 3365 τὸν
932 3314 1088 3368 θεόν.
1159 3317 1309 3384 Quae
1342 3317 1463 3373 dira
1495 3316 1746 3387 cognatis
1784 3323 1843 3373 et
1876 3317 2072 3373 vicinis
2105 3315 2391 3386 imprecati
2426 3316 2554 3385 sint,
2591 3320 2821 3385 apparet

457 3413 486 3452 e
521 3398 741 3455 tabellis
776 3400 1120 3472 defixionum‚
1159 3402 1242 3458 ed.
1279 3402 1344 3457 R.
1382 3403 1658 3459 Wuensch
1694 3402 1775 3458 IG
1807 3402 1898 3458 III
1932 3402 1996 3457 3³

632 3503 652 3534 ¹
693 3502 774 3557 Of.
821 3503 1013 3559 Horat.
1061 3520 1143 3573 ep.
1190 3506 1221 3560 I
1268 3506 1329 3576 4,
1377 3506 1542 3575 6—-83
1589 3506 1710 3561 Sen.
1748 3522 1832 3575 ep.
1866 3506 1963 3576 60,
2011 3507 2072 3575 13
2124 3506 2208 3575 94,
2244 3506 2345 3574 54;
2392 3503 2726 3559 Prudentius
2774 3520 2818 3557 c.

456 3587 758 3656 symmach.
793 3589 824 3642 I
859 3588 1119 3658 208sqq.:
1166 3589 1311 3645 Mox
1355 3590 1601 3646 humeris
1639 3591 1863 3661 positus
1908 3590 2165 3661 παίνὶοἱε,
2212 3589 2375 3645 trivit
2420 3593 2476 3643 et
2519 3588 2638 3659 ipse
2667 3592 2677 3655 Ι
2705 3587 2820 3642 Im-

449 3673 660 3742 pressis
681 3672 892 3729 silicem
914 3674 1100 3745 labris,
1116 3676 1368 3746 puerilia
1388 3680 1519 3732 vota
1547 3679 1558 3745 Ι
1585 3676 1742 3746 fudit
1758 3693 1985 3747 opesque
2000 3676 2111 3732 sibi
2134 3692 2291 3730 caeca
2314 3675 2379 3730 de
2399 3690 2539 3744 rape
2553 3666 2817 3743 poposcit.

632 3758 655 3790 ²
689 3760 770 3816 Of.
807 3776 972 3829 supra
1005 3778 1057 3830 p.
1092 3762 1246 3818 3-4.

629 3845 652 3876 ²
688 3845 769 3901 Cf.
806 3846 1019 3902 Platon.
1054 3848 1362 3918 Euthyphr.
1401 3849 1554 3905 1413:
1603 3848 1827 3916 Φράσον
1862 3844 1919 3898 δέ
1942 3867 2039 3913 μοι
2073 3851 2151 3901 τίς
2187 3845 2220 3910 ἡ
2255 3839 2485 3915 ω’φέλεια
2518 3857 2633 3899 τοῖς
2666 3846 2819 3898 θεοῖς

453 3927 701 3998 τυγχάνει
736 3923 870 3982 οὖσα
904 3929 1013 3984 ἀπὸ
1046 3934 1161 3984 τῶν
1194 3930 1389 4002 δώρων
1421 3929 1502 3987 ὧν
1534 3932 1664 4004 παρ’
1705 3933 1865 3998 ἡμῶν
1899 3930 2273 4000 λαμβάνουσιν
2288 3949 2308 3999 ,-

630 4016 655 4049 ⁴
688 4015 889 4072 Schol.:
924 4015 1061 4072 Diis
1097 4020 1213 4074 tam
1247 4023 1385 4075 sunt
1415 4036 1541 4090 opes
1587 4034 1960 4089 supervacuae
2003 4034 2168 4087 quam
2206 4016 2402 4074 Veneri
2428 4032 2631 4086 papae,
2680 4031 2819 4085 qaas

455 4098 699 4171 virqines
732 4100 993 4157 nubentes
1028 4102 1253 4160 donant.
2745 4114 2752 4121 “

630 4186 656 4219 ⁸
689 4186 772 4241 Cf.
811 4187 966 4243 Ovid.
1005 4204 1089 4258 ep.
1129 4206 1195 4245 ex
1232 4190 1294 4246 P.
1332 4190 1414 4245 IV
1448 4190 1501 4260 8,
1543 4190 1637 4245 39:
1684 4188 1802 4245 Nec
1823 4205 1961 4258 quae
1994 4188 2059 4244 de
2082 4204 2269 4258 parva
2302 4186 2415 4242 diis
2439 4203 2659 4257 pauper
2693 4186 2824 4242 litat

458 4285 666 4339 acerra,
698 4271 709 4342 Ι
741 4274 873 4327 tura
905 4272 1095 4329 minus
1123 4275 1332 4345 grandi
1365 4292 1534 4345 quam
1567 4274 1704 4331 data
1739 4274 1895 4329 lance
1934 4274 2132 4329 valent.

422 4375 425 4380 ·
628 4357 653 4391 ⁸
686 4358 769 4414 cf.
803 4359 996 4415 Horat.
1033 4377 1075 4415 c.
1099 4361 1191 4416 111
1214 4361 1297 4432 23,
1327 4362 1391 4415 17
1405 4378 1549 4431 sqq.:
1586 4359 1869 4416 Immanis
1901 4375 2065 4416 aram
2099 4359 2152 4415 εἰ
2190 4359 2373 4430 tetigit
2404 4374 2622 4429 manus,
2650 4359 2659 4429 Ι
2689 4357 2820 4415 Non
