3509 5067
522 191 563 250 (5
1430 178 1701 235 Henricus
1734 178 1981 235 Schmidt
2843 182 2910 270 [6

526 353 913 432 conabatur,
966 353 1041 414 ut
1085 347 1340 416 diceret
1382 366 1616 430 preces
1659 367 2196 433 supervacaneas
2241 369 2403 434 esse,
2461 351 2771 433 quoniam
2835 353 2909 420 in

525 454 821 524 omnibus
863 453 1065 518 rebus
1108 450 1429 519 virtutem
1491 469 1639 519 esse
1696 451 1770 518 in
1812 451 2077 521 homine
2134 451 2458 536 imprimis
2520 454 2906 534 interesset,

524 556 741 625 virtus
798 559 1018 621 autem
1077 553 1245 621 disci
1300 559 1527 637 posset
1543 555 1587 620 ¹.
1698 554 1797 620 Et
1875 555 2126 623 factum
2187 564 2296 624 est
2313 608 2330 641 ,
2392 561 2471 623 ut
2527 556 2906 642 Prodicum,

526 657 907 743 priusquam
967 674 1040 723 se
1082 674 1313 739 preces
1368 674 1501 723 nou
1558 662 1980 723 contemnere
2037 664 2263 739 posset
2305 660 2670 742 ostendere,
2713 677 2906 743 gym-

526 761 916 829 nasiarohus
974 778 1012 827 e
1054 759 1397 843 gymnasio
1459 758 1841 841 expelleret,
1899 757 2058 840 quia
2113 760 2418 841 sophista
2477 778 2607 827 non
2664 760 2905 830 idonea

526 862 612 948 (εἰ
658 861 732 928 δὲ
770 862 857 949 μὴ
914 859 1267 946 ἐπιτήδεια,
1326 859 1514 948 δῆλον
1556 857 1657 924 ὅτι
1698 860 2005 946 μοχθηρά
2049 880 2110 942 p.
2151 861 2282 928 399
2298 863 2386 947 A)
2446 881 2595 929 cum
2641 864 2903 932 adules-

530 965 817 1034 centulis
859 965 1343 1047 colloqueretur
1362 964 1408 1032 2.

702 1086 798 1154 Ut
854 1084 1211 1167 Euripides
1269 1085 1371 1153 So
1389 1089 1680 1153 crates
1737 1101 1992 1166 quoque
2044 1082 2343 1163 aequalis
2403 1083 2545 1151 eius
2606 1086 2910 1155 homines

530 1189 722 1273 quasi
750 1208 789 1257 e
831 1208 1054 1257 somno
1098 1188 1425 1256 excitavit
1469 1187 1871 1270 quassitque.
1957 1187 2294 1269 Quantum
2337 1192 2561 1255 autem
2604 1186 2755 1254 fieri
2791 1210 2907 1273 po-

532 1299 726 1374 terat,
770 1292 1075 1358 Socrates
1106 1294 1445 1356 vetustum
1476 1307 1664 1355 usum
1698 1286 2083 1354 conservari
2120 1284 2413 1375 volebat,
2456 1289 2655 1358 aliter
2699 1298 2909 1375 atque

530 1392 916 1472 Euripides,
988 1390 1101 1468 qui
1162 1389 1234 1453 in
1298 1388 1614 1469 vulgares
1682 1389 1764 1453 de
1822 1385 1964 1453 deis
2022 1385 2368 1466 opiniones
2426 1391 2750 1461 acerrime
2804 1395 2905 1463 in-

530 1492 917 1568 vehebatur,
961 1504 1107 1552 cum
1144 1486 1454 1553 Socrates
1498 1487 1569 1553 in
1612 1487 1906 1553 moribus
1948 1489 2150 1566 atque
2191 1485 2737 1563 institutionibus
2766 1517 2906 1566 ma-

527 1593 753 1668 iorum,
774 1588 846 1653 in
869 1588 1084 1654 forma
1108 1592 1178 1653 et
1201 1605 1447 1671 genere
1471 1587 2016 1655 caerimoniarum
2039 1587 2392 1668 cultusque
2420 1605 2841 1679 permaneret
2861 1601 2906 1667 8,

530 1693 834 1759 Socrates
895 1687 1122 1754 divino
1173 1687 1421 1755 auxilio
1467 1688 1680 1756 fretus
1698 1689 1727 1728 ⁴
1785 1688 2081 1755 homines
2139 1690 2562 1781 admonebat,
2606 1718 2689 1765 ne
2729 1701 2902 1766 bona

531 1789 821 1874 corporis
852 1794 1157 1872 peterent
1185 1809 1228 1856 a
1259 1789 1378 1873 dis,
1409 1792 1528 1857 sed
1556 1792 1795 1858 bonam
1823 1795 2128 1870 mentem,
2156 1789 2521 1877 honestam,
2549 1798 2896 1877 integram.

530 1889 977 1962 Gravissimus
1035 1889 1323 1959 omnium
1379 1894 1583 1977 locus,
1639 1892 1878 1975 quibus
1940 1894 2021 1959 de
2079 1888 2399 1970 religione
2459 1895 2892 1973 precibusque

533 1993 824 2065 Socratis
853 1991 1072 2077 opinio
1106 1993 1418 2079 refertur,
1448 2000 1674 2063 exstat
1701 1996 1871 2063 Xen.
1899 1995 2091 2061 Mem.
2112 1991 2149 2059 I
2178 1991 2237 2075 3,
2268 1990 2304 2056 1
2320 1993 2508 2070 sqq.⁶.
2596 1989 2724 2055 Hic
2747 1987 2883 2051 deis

532 2098 817 2166 confisus
861 2096 1182 2181 permisit,
1225 2111 1304 2165 ut
1356 2099 1489 2182 ipsi
1526 2099 1726 2167 utilia
1770 2102 2028 2182 darent,
2072 2091 2458 2177 simpliciter
2500 2092 2734 2158 bonum
2777 2103 2886 2153 ex-

532 2186 825 2280 petebat,
855 2217 1002 2264 cum
1024 2198 1094 2264 di
1122 2202 1328 2281 probe
1351 2202 1622 2284 scirent,
1647 2201 1805 2282 quid
1835 2203 2073 2267 bonum
2103 2199 2279 2266 esset
2308 2191 2468 2275 quid
2496 2192 2759 2277 malum,
2777 2191 2890 2259 ho·

531 2299 738 2365 mines
783 2302 1005 2364 autem
1050 2299 1420 2367 nescirent:
1480 2300 1955 2387 Καὶηῦχετο
1994 2299 2081 2363 δὲ
2117 2296 2324 2383 πρὸς
2383 2294 2581 2372 τοὺς
2635 2293 2895 2371 θεοὺς

533 2397 792 2474 ἅπλῶς
830 2395 1160 2482 τάγαθὰ
1203 2397 1561 2481 διδόναιθ,
1593 2401 1685 2479 ὡς
1702 2402 1855 2479 τοὺς
1872 2400 2070 2478 θεοὺς
2090 2398 2397 2465 κάλλιστα
2420 2396 2673 2476 εἰδότας
2694 2397 2896 2464 ὁποῖα

711 2603 731 2636 ¹
766 2601 850 2657 Of.
882 2600 1158 2659 Maximus
1192 2605 1412 2676 Tyrius,
1450 2606 1578 2663 diss.
1613 2607 1697 2662 XI
1730 2607 1783 2662 6.

705 2688 730 2722 ⁸
763 2687 845 2744 Cf.
880 2686 944 2745 F.
980 2687 1046 2743 G.
1081 2689 1341 2747 Welcker
1374 2691 1651 2749 Prodikus
1682 2708 1792 2748 von
1824 2692 1973 2749 Keos
2007 2693 2123 2763 (ΚΖ.
2161 2693 2313 2749 Schr.
2349 2694 2408 2748 11
2441 2692 2546 2749 525
2557 2694 2710 2763 sqq.).

712 2775 735 2809 ⁸
774 2772 953 2840 Νόμῳ
986 2772 1195 2832 πόλεως
1229 2776 1346 2833 deis
1379 2778 1597 2849 gratias
1642 2794 1762 2836 esse
1806 2779 2119 2836 referendas
2151 2779 2345 2850 Apollo
2391 2778 2622 2849 dixerat,
2656 2776 2901 2847 Xenoph.

534 2877 698 2919 mem.
742 2861 823 2918 IV
854 2860 906 2931 3,
945 2859 1178 2918 16-172
1232 2861 1423 2929 Νόμος
1467 2861 1527 2916 δὲ
1576 2861 1746 2932 δήπου
1794 2866 2073 2928 πανταχοῦ
2122 2866 2235 2918 ἐστι
2279 2862 2420 2917 κατὰ
2463 2860 2697 2929 δύναμιν
2740 2864 2902 2929 ἱεροῖς

533 2947 703 3004 θεοὺς
736 2944 1082 3019 ἀρέσκεσθαι.
1128 2950 1245 3004 πῶς
1289 2940 1388 3000 οὖν
1434 2946 1505 3002 ἄν
1537 2970 1619 3007 τις
1651 2947 1874 3003 κάλλιον
1906 2953 1995 3002 καὶ
2029 2947 2415 3019 εὐσεβέστερον
2457 2946 2633 3015 τιμώῃ
2666 2944 2836 3002 θεοὺς
2868 2940 2900 3009 ἢ

535 3029 612 3085 ὡς
646 3031 801 3085 αὐτοὶ
833 3027 1142 3085 κελεύωσιν
1177 3033 1322 3088 οὕτω
1354 3037 1564 3098 nundin
1600 3037 1683 3093 Of.
1718 3036 1828 3093 Cio.
1865 3038 1934 3093 de
1965 3037 2116 3107 legg.
2151 3038 2212 3093 11
2243 3037 2323 3106 16,
2358 3035 2430 3090 40
2462 3039 2521 3090 et
2552 3033 2733 3103 legem
2765 3032 2902 3087 Dra-

536 3117 688 3174 conis
721 3117 868 3188 apud
894 3117 1161 3189 Porphyr.
1196 3122 1265 3178 de
1287 3121 1427 3178 abst.
1450 3122 1532 3179 IV
1553 3122 1623 3177 22
1646 3128 1941 3180 servatam.
2026 3122 2292 3192 Porphyr.
2316 3121 2387 3177 ad
2408 3121 2573 3176 Marc.
2597 3117 2692 3174 18:
2734 3112 2904 3170 Οὗτος

532 3199 644 3272 γὰρ
677 3206 926 3274 μέγιστος
962 3203 1171 3272 καρπὸς
1217 3206 1504 3277 εὐσεβείας,
1550 3210 1719 3275 τιμᾶν
1751 3206 1819 3260 τὸ
1846 3209 2012 3260 θετον
2045 3209 2182 3259 κατὰ
2214 3205 2285 3260 τὰ
2318 3207 2537 3274 πάτρια.
2608 3203 2692 3259 Cf.
2728 3200 2904 3257 Zeller

534 3285 628 3343 111
659 3290 712 3360 2,
746 3307 800 3361 p.
838 3290 954 3360 143,
989 3290 1040 3345 6.
1076 3294 1080 3297 ⁴

711 3375 738 3410 ⁴
771 3376 854 3432 Cf.
888 3376 1077 3448 Plato,
1127 3379 1264 3437 Orit.
1298 3397 1351 3450 p.
1387 3379 1546 3436 43D:
1599 3381 1670 3431 El
1702 3378 1870 3445 ταύτῃ
1906 3374 2065 3448 φίλον
2097 3380 2179 3442 τῷ
2224 3377 2380 3442 θεῷ,
2426 3375 2595 3442 ταύτῃ
2639 3372 2905 3445 γενέσθω.

539 3456 623 3513 Cf.
658 3460 897 3531 Epictet.
932 3461 1062 3517 diss.
1097 3464 1159 3519 II
1193 3466 1246 3535 4,
1279 3465 1365 3522 21.

712 3545 738 3579 ⁶
773 3546 857 3603 Cf.
901 3547 1025 3604 Joel
1069 3548 1195 3605 Der
1240 3550 1385 3607 echte
1429 3551 1546 3606 und
1593 3551 1689 3607 der
1746 3549 2220 3620 Xenophcmtischc
2265 3547 2527 3605 Sokrates
2576 3564 2629 3616 p.
2669 3543 2904 3600 90-91:

539 3625 665 3683 Der
687 3632 834 3687 Siron
857 3631 955 3688 der
972 3649 1189 3704 ‚qanzc‘n
1214 3636 1380 3693 Stella
1402 3635 1617 3708 besayt:
1652 3652 1740 3707 „es
1762 3636 1973 3691 kommt
1988 3635 2147 3691 nicht
2165 3632 2385 3703 darauf
2398 3633 2526 3689 an“.
2595 3630 2680 3687 Εε
2700 3629 2909 3685 kommt

538 3712 701 3770 nicht
729 3717 952 3788 darauf
988 3735 1080 3790 απ,
1127 3721 1247 3793 wie,
1296 3721 1439 3778 nach
1483 3721 1732 3778 walchem
1765 3720 2129 3792 Spczialriws
2174 3720 2251 3775 du
2295 3719 2385 3775 dic
2425 3718 2621 3775 Gesner
2664 3714 2911 3771 ver-emt

538 3799 594 3865 (Ῑ
617 3800 668 3871 3,
695 3801 764 3870 1).
834 3804 920 3859 Εε
952 3804 1164 3863 kommt
1193 3808 1350 3865 nicht
1382 3807 1598 3879 darauf
1622 3825 1714 3878 an,
1749 3824 1849 3863 um
1881 3823 1996 3862 was
2030 3806 2108 3862 du
2139 3807 2222 3861 im
2260 3804 2435 3862 Gcbet
2464 3803 2657 3859 bittoet
2686 3801 2738 3873 (I
2760 3800 2812 3873 3,
2834 3799 2907 3870 3).

539 3882 626 3939 Εε
659 3886 871 3945 kommt
902 3891 1058 3948 nicht
1091 3892 1315 3963 darauf
1328 3912 1431 3966 an,
1465 3894 1569 3950 wie
1600 3894 1706 3950 vicl
1740 3893 1818 3949 du
1850 3891 2064 3965 opserst
2096 3893 2148 3963 (I
2169 3893 2220 3962 3,
2244 3892 2316 3963 3).

717 3974 742 4008 ⁰
773 3976 997 4034 Eisdem
1030 3979 1218 4036 verbis
1253 3981 1630 4053 Pythagoram
1663 3986 1947 4052 precatum
1981 3994 2099 4035 esse
2140 3977 2313 4035 refert
2345 3976 2502 4034 Diod.
2538 3975 2700 4031 Sicul.
2735 3974 2790 4029 X
2809 3970 2907 4027 98:

536 4052 593 4107 Ὀ
638 4056 801 4117 αὐτὸς
847 4064 1045 4133 ἔφασκε
1088 4062 1205 4118 δεῖν
1238 4068 1302 4119 ἐν
1345 4082 1465 4124 ταῖς
1498 4064 1672 4130 εὐχαῖς
1717 4062 1948 4120 ἅπλῶς
1992 4062 2333 4128 εὔχεσθαι
2367 4058 2672 4132 τάγαθά.
2751 4058 2907 4114 Idem

541 4141 679 4201 dicit
713 4147 838 4205 aliis
873 4150 1054 4208 verbis
1077 4152 1417 4224 Porphyrius
1450 4153 1521 4209 ad
1543 4152 1708 4209 Marc.
1743 4169 1827 4221 ep.
1854 4150 1946 4208 13:
1997 4147 2153 4201 Ταῦτ’
2193 4142 2293 4202 οὖν
2320 4145 2456 4200 θέλε
2488 4150 2577 4198 καὶ
2614 4145 2771 4197 αἰτοῦ
2806 4139 2909 4196 τὸν
