3509 5067
664 339 748 404 12
1569 335 1840 393 Henricus
1873 337 2115 394 Schmidt
2529 337 2535 342 ’
2908 339 3017 426 [12

831 506 956 575 Sed
1004 525 1081 574 eo
1124 506 1275 590 iam,
1319 512 1494 578 unde
1535 510 1666 576 huc
1709 508 1994 591 digressi
2040 527 2281 593 sumne,
2322 515 2759 578 revertamur.
2845 509 3018 594 Quia

659 612 820 678 deus
871 611 1080 677 bonus
1123 613 1247 693 est,
1302 613 1510 679 solum
1567 630 1711 678 cum
1754 610 1946 678 bonis
2002 609 2373 679 hominibus
2432 613 2817 680 coniunctus
2879 617 3015 695 est3

658 731 851 795 quam
896 713 978 779 ob
1024 730 1163 780 rem
1205 713 1352 780 fieri
1393 733 1524 781 non
1567 717 1807 796 potest,
1851 716 1928 780 nt
1986 714 2198 779 bonus
2259 715 2420 780 deus
2474 716 2648 781 dona
2701 714 3018 782 malorum

660 813 952 897 accipiat
1015 833 1376 897 precesque
1436 814 1757 883 exaudiat
1816 814 2004 901 (Rep.
2062 815 2190 881 613
2206 814 2309 900 B).
2407 816 2504 883 Ut
2567 816 2878 900 optimam
2945 824 3018 884 et

656 935 882 985 veram
917 916 1363 998 precationem
1391 918 1586 985 Plato
1615 917 1738 985 hoc
1765 918 2001 983 laudat
2030 915 2275 984 dictum
2313 917 2542 1003 (Legg.
2587 921 2713 985 716
2727 919 2790 986 D
2819 922 3015 1004 sqq.):

653 1017 751 1095 ’.Ως
790 1027 883 1102 τῷ
926 1017 1042 1100 μὲν
1084 1017 1323 1104 ἀγαθῷ
1362 1021 1551 1085 θύειν
1605 1018 1718 1084 καὶ
1776 1019 2198 1107 προσομιλεῖν
2256 1018 2333 1105 δὴ
2381 1029 2522 1097 τοῖς
2574 1022 2761 1096 θεοῖς
2802 1019 3018 1099 εὐχαῖς

655 1121 766 1185 καὶ
808 1119 1181 1208 ἀναθήμασι
1208 1121 1318 1187 καὶ
1348 1123 1652 1206 ξυμπάσῃ
1680 1124 2009 1207 θεραπείᾳ
2035 1126 2215 1187 θεῶν
2242 1120 2574 1186 κάλλιπον
2608 1121 2716 1186 καὶ
2760 1120 3019 1206 ἄριστον

656 1223 770 1287 καὶ
834 1222 1305 1307 ἀνυσιμώτατον
1344 1224 1511 1309 πρὸς
1565 1224 1674 1289 τὸν
1733 1223 2083 1306 εὐδαίμονα
2122 1227 2264 1308 βίον
2284 1225 2311 1263 ²
2361 1224 2473 1288 καὶ
2529 1223 2606 1309 δὴ
2647 1223 2759 1289 καὶ
2796 1222 3017 1309 διαφε-

656 1325 896 1409 ρόντως
947 1329 1204 1412 πρέπον
1220 1350 1235 1366 ·
1292 1335 1385 1411 τῷ
1422 1324 1495 1391 δὲ
1553 1337 1728 1411 κακῷ
1785 1328 2026 1391 τούτων
2082 1324 2385 1391 τάναντία
2444 1330 2735 1412 πέφυκεν
2755 1326 2801 1399 2,
2859 1324 3013 1390 ἀκά-

653 1431 899 1516 θαρτος
921 1428 948 1468 ⁸
990 1427 1111 1512 γὰρ
1148 1427 1259 1514 τὴν
1287 1428 1502 1515 ψυχὴν
1537 1428 1577 1495 ὅ
1604 1451 1676 1514 γε
1718 1428 1932 1507 κακός,
1977 1427 2269 1516 καθαρὸς
2313 1427 2383 1494 δὲ
2414 1426 2449 1494 ὅ
2487 1428 2783 1505 ἐναντίος.
2834 1428 3019 1515 παρὰ

654 1531 727 1597 δὲ
768 1543 1012 1615 μιαροῦ
1054 1529 1235 1614 δῶρα
1280 1531 1411 1597 οὐτ’
1456 1530 1659 1617 ἄνδρα
1702 1529 1955 1615 ἀγαθὸν
2013 1530 2155 1596 οὔτε
2185 1532 2342 1597 θεὸν
2396 1528 2535 1597 ἔστι
2598 1531 2763 1597 ποτὲ
2817 1531 2893 1597 τό
2942 1552 3015 1614 γε

656 1633 854 1722 ὀρθὸν
899 1632 1225 1716 δέχεσθαι.
1272 1635 1425 1721 (717
1441 1636 1531 1721 Α)
1586 1637 1793 1721 μάτην
1839 1628 1947 1699 οὖν
1984 1633 2141 1722 περὶ
2181 1635 2381 1711 θεοὺς
2424 1632 2460 1700 ὃ
2482 1634 2687 1712 πολύς
2729 1633 2868 1700 ἐστι
2893 1634 3014 1699 πό-

636 1757 762 1815 -νος
803 1747 942 1813 τοῖς
984 1735 1287 1820 ἀνοσίοις,
1341 1746 1513 1802 τοῖσι
1555 1734 1628 1801 δὲ
1672 1735 1881 1814 ὁσίοις
1940 1733 2388 1823 ἐγκαιρότατος
2428 1735 2641 1802 ἅπασι
2657 1738 2704 1799 ⁴.
2807 1737 3015 1821 Legg.

657 1842 781 1907 717
800 1842 861 1907 D
905 1841 1192 1907 maxime
1233 1839 1383 1923 pius
1437 1841 1830 1925 nominatur,
1874 1842 1988 1922 qui
2047 1859 2271 1908 omnes
2331 1843 2486 1909 deos
2543 1845 2901 1910 veneratur
2943 1846 3015 1906 et

656 1942 993 2028 Olympios
1052 1947 1122 2011 et
1174 1942 1422 2010 inferos
1490 1948 1559 2011 et
1622 1943 1920 2026 publicos
1936 1994 1952 2027 ,
2026 1943 2264 2010 deinde
2324 1940 2664 2025 δαίμονας,
2736 1940 2951 2029 ἥρωας
2972 1943 3015 2024 ⁶,

653 2047 953 2130 maioreS‚
995 2046 1279 2128 denique
1320 2052 1649 2131 parentes,
1697 2047 1939 2130 quippe
1984 2065 2257 2128 quornm
2300 2046 2620 2115 beneficia
2654 2048 3015 2128 rependere

653 2161 970 2217 summum
1014 2149 1105 2216 sit
1147 2148 1449 2216 officium.
1535 2149 1870 2217 Pietatem
1913 2154 2119 2232 atque
2163 2148 2604 2217 reverentiam
2670 2168 2835 2233 erga
2898 2167 3014 2231 pa-

651 2256 877 2319 rentes
920 2252 1115 2319 Plato
1158 2251 1460 2334 pluribus
1488 2252 1645 2319 locis
1674 2253 1873 2335 plane
1914 2258 1992 2320 ut
2032 2256 2290 2334 partem
2320 2250 2660 2336 religionis
2702 2252 3016 2333 postulat,

654 2374 707 2421 e.
766 2373 828 2438 g.
885 2354 1057 2438 legg.
1102 2354 1231 2422 930
1248 2354 1328 2421 Ε.
1349 2354 1393 2421 ⁶.
1487 2356 1672 2422 Idem
1728 2354 2025 2438 explicat
2080 2354 2497 2437 precationes
2547 2374 2590 2421 a
2645 2358 2841 2437 patre
2897 2361 3016 2421 aut

653 2460 867 2524 matre
908 2475 1029 2538 pro
1073 2456 1290 2524 salute
1333 2462 1404 2524 et
1447 2456 1775 2525 felicitate
1802 2457 2157 2525 liberorum
2189 2456 2405 2523 factas
2450 2475 2493 2522 a
2525 2456 2666 2523 deis
2708 2456 3014 2524 exaudiri

654 2563 725 2625 et
778 2561 952 2626 bene
1011 2558 1206 2643 verti,
1263 2564 1494 2627 contra
1552 2558 2038 2628 exsecrationes
2097 2563 2448 2643 parentum
2504 2561 2742 2626 damno
2802 2577 2948 2626 esse
2973 2559 3013 2641 ⁷,

652 2692 739 2747 ὅτι
774 2691 1064 2765 δράσομεν,
1089 2697 1197 2748 εἴτε
1230 2691 1376 2760 ἄλλῳ
1410 2695 1777 2761 συνεσόμεθα,
1812 2698 1923 2748 εἴτε
1969 2700 2060 2746 καὶ
2094 2693 2228 2748 αὐτὸ
2262 2694 2332 2746 τὸ
2379 2695 2543 2747 θεῖον
2592 2694 2658 2747 τό
2705 2713 2793 2746 σοι
2836 2695 3013 2765 γιγνό·

650 2799 823 2846 μενον
855 2779 1236 2851 πειρασόμεθα
1268 2781 1733 2851 παραμυθεῖσθαι
1768 2781 1970 2844 εὔχαῖσὶ
2000 2800 2063 2833 τε
2095 2783 2185 2833 καὶ
2219 2782 2437 2835 θυσίαις
2470 2783 2559 2832 καὶ
2593 2777 2739 2843 ἄλλῳ
2785 2775 2899 2844 ὅτῳ
2943 2775 3014 2830 ἂν

652 2868 705 2916 οἱ
726 2863 947 2932 μάντεις
980 2865 1287 2933 ἐξηγῶνται.
1334 2867 1544 2922 Deinde
1566 2867 1901 2922 Demodocus
1930 2866 2091 2922 dicit:
2133 2866 2341 2930 Μηκέτι
2381 2865 2520 2932 πρὸς
2541 2866 2715 2916 ταῦτα
2739 2862 3014 2936 ἀντείπῃς,

653 2944 699 3002 ὦ
747 2949 1030 3018 Σώκρατες
1044 2992 1057 3017 ,
1102 2953 1185 3016 τῷ
1237 2956 1516 3021 μειρακίῳ.
1563 2945 1624 3004 εὖ
1662 2950 1769 3022 γὰρ
1817 2950 1957 3022 λέγει
2003 2950 2218 3020 Θεάγης.
2253 2979 2258 2984 ·
2291 2951 2499 3019 Quibus
2534 2950 2717 3006 verbis
2765 2950 3008 3007 Socrates

650 3038 823 3094 stulte
856 3037 1174 3108 assentitur,
1209 3054 1329 3093 eum
1355 3038 1518 3093 dicit:
1554 3031 1678 3088 im:
1716 3038 1766 3089 sl
1788 3034 1941 3090 δοκεῖ
1966 3039 2161 3104 χρῆναι
2190 3034 2332 3089 οὕτω
2354 3050 2550 3105 ποιεῖν,
2586 3032 2730 3088 οὕτω
2754 3036 3012 3100 ποιῶμεν.

828 3122 849 3155 ¹
882 3124 1080 3179 Cultus
1115 3125 1337 3180 deorum
1370 3141 1480 3180 non
1506 3124 1682 3179 solum
1716 3139 1989 3179 summum
2021 3123 2260 3179 officium
2298 3122 2394 3178 sed
2429 3122 2597 3178 etiam
2620 3121 3013 3177 iucundissima

650 3207 931 3263 hominum
954 3210 1245 3266 delectatio
1269 3216 1368 3265 est.
1439 3211 1589 3265 Plut.
1612 3210 1744 3265 Mor.
1774 3209 1961 3264 169D:
1988 3205 2210 3260 Ἥδιστα
2233 3204 2288 3259 δὲ
2321 3220 2438 3262 τοῖς
2470 3201 2792 3275 α’νθρώποις
2826 3207 3014 3277 ἑορταὶ

651 3295 742 3344 καὶ
776 3289 1043 3345 εἰλαπίναι
1076 3296 1213 3365 πρὸς
1246 3296 1424 3365 ἱεροῖς,
1470 3299 1561 3346 καὶ
1594 3294 1813 3361 μυήσεις
1857 3297 1948 3345 καὶ
1980 3293 2247 3365 ὄργιομοί,
2294 3298 2383 3344 καὶ
2427 3294 2676 3355 κατευχαὶ
2721 3291 2881 3343 θεῶν
2924 3295 3013 3344 καὶ

652 3378 1052 3448 προσκυνήσεις.
1134 3381 1215 3436 Cf.
1262 3382 1299 3436 l.
1347 3397 1391 3435 c.
1439 3381 1667 3436 1101D:
1725 3378 1865 3432 Οὔτε
1907 3378 2013 3449 γὰρ
2059 3376 2333 3448 διατριβαὶ
2375 3379 2490 3431 τῶν
2540 3380 2601 3429 ὲν
2646 3380 2839 3448 ἱεροῖς,
2888 3374 3013 3429 οὔτε

652 3467 833 3532 καιροὶ
865 3467 981 3517 τῶν
1015 3466 1351 3535 ἑυρτασμῶν,
1389 3463 1515 3518 οὔτε
1547 3464 1767 3536 πράξεις
1802 3460 1916 3517 οὔτ’
1966 3464 2114 3535 ὄψεις
2160 3464 2546 3536 εὐφραίνουσιν
2580 3465 2761 3533 ἕτεραι
2803 3459 3014 3529 μᾶλλον

652 3544 735 3602 ὧν
767 3548 1026 3620 ὁρμῶμεν
1060 3550 1094 3616 ἢ
1126 3547 1338 3618 δρῶμεν
1385 3551 1541 3604 αὐτοὶ
1575 3554 1703 3622 περὶ
1738 3553 1915 3610 θεῶν,
1964 3549 2323 3623 ὀργιάζοντες,
2378 3546 2410 3615 ἢ
2455 3548 2783 3619 χορεύοντες,
2832 3544 2865 3613 ἢ
2912 3549 3011 3600 θυ-

652 3638 789 3691 σίαις
821 3636 1104 3704 παρόντες,
1142 3634 1175 3702 ἢ
1210 3633 1463 3693 τελεταῖς.

740 3739 743 3742 ²
824 3721 848 3754 ²
882 3722 965 3777 Of.
1001 3723 1168 3779 Clem.
1202 3724 1361 3779 Alex.
1396 3729 1584 3779 strom.
1621 3723 1724 3778 307
1761 3723 1927 3793 sylb„
1977 3739 2082 3791 quo
2130 3723 2245 3778 loco
2282 3722 2529 3777 Clemens
2564 3722 2699 3777 dicit
2744 3722 3010 3776 malorum

651 3823 839 3877 preces
872 3808 1064 3864 noxias
1098 3824 1217 3865 esse
1250 3815 1310 3866 et
1344 3809 1478 3879 ipsis
1514 3814 1574 3865 et
1607 3808 1748 3865 aliis.

826 3892 850 3926 ⁸
885 3894 966 3949 Cf.
1001 3894 1153 3965 legg.
1188 3882 1379 3950 910E:
1414 3892 1498 3950 Ὡς
1534 3893 1600 3946 οὗ
1634 3891 1885 3962 καθαρὸς
1920 3889 2001 3945 ὢν
2034 3891 2197 3946 θύων
2226 3892 2464 3957 θανάτῳ
2500 3891 2831 3957 ζημιούσθω.

823 3979 848 4012 ⁴
882 3980 963 4036 cf.
999 3979 1263 4049 Porphyr.
1300 3980 1368 4035 de
1401 3981 1544 4037 abst.
1578 3981 1639 4035 H
1671 3979 1758 4035 61.
2171 3979 2196 4011 ⁸
2231 3979 2313 4034 cf.
2349 3979 2502 4049 legg.
2537 3978 2638 4033 801
2652 3979 2719 4034 Ε.

825 4065 850 4097 ⁶
884 4065 966 4119 Cf.
1012 4064 1387 4134 fragmentum
1422 4065 1790 4135 Theophrasti
1824 4080 1909 4134 ap.
1946 4064 2092 4121 Stob.
2128 4064 2218 4119 111
2241 4066 2312 4120 50
2340 4074 2640 4133 servatum,
2676 4063 2783 4119 vol.
2821 4065 2850 4117 I
2885 4079 2938 4131 p.
2961 4063 3011 4129 2,

604 4179 607 4182 ·
650 4167 703 4218 p.
729 4151 777 4220 7,
813 4166 865 4220 p.
892 4150 993 4204 119
1014 4150 1206 4222 Mein.;
1242 4151 1309 4207 cf.
1334 4152 1565 4207 Berna
1578 4166 1655 4220 ys
1689 4149 2104 4219 Theophrastos'
2130 4148 2349 4217 schrift
2367 4149 2503 4204 iiber
2523 4149 2770 4204 Fromm.
2805 4165 2857 4217 p.
2883 4148 3012 4216 1765

650 4236 714 4289 L.
739 4235 1053 4291 Schmidt
1084 4235 1199 4291 Die
1230 4235 1408 4291 Ethik
1439 4237 1499 4291 H
1531 4253 1586 4306 p.
1623 4237 1717 4290 141
1736 4252 1856 4304 sqq.

827 4319 849 4351 ⁷
883 4337 936 4376 v.
983 4321 1161 4391 Legg.
1208 4321 1528 4391 93leqq.:
1579 4316 1780 4391 Ἄρατος
1813 4316 1918 4391 γὰρ
1966 4318 2156 4391 γονεὺς
2192 4319 2448 4388 ἐκγόνοις,
2498 4319 2570 4374 ὥς
2618 4315 2788 4374 οὐδεὶς
2834 4321 3015 4390 ἕτερος
