3509 5067
492 372 603 460 59]
844 372 1073 428 Veteres
1107 371 1411 442 philosophi
1447 373 1708 441 quomodo
1742 372 2109 429 iudicaverint
2144 373 2212 429 de
2244 373 2497 443 precibus
2770 375 2857 441 59

492 562 680 611 suum
722 542 1047 609 allocutus
1090 545 1299 625 optat,
1342 545 1420 606 ut
1455 541 1722 625 amicus,
1768 544 1919 608 dum
1963 541 2197 611 Ovidio
2241 543 2436 610 finem
2480 542 2664 610 exilii
2705 563 2855 627 pre·

495 650 700 729 catur,
746 644 1087 711 silentium
1115 648 1357 727 servet,
1399 662 1486 710 ne
1519 643 1665 725 quis
1701 643 2002 711 inimicus
2033 646 2266 712 audiat
2306 665 2477 714 neve
2516 653 2677 713 vota
2706 665 2855 714 con-

491 746 706 814 traria
748 746 915 813 fiant
937 745 993 812 1:
1052 744 1337 810 Invenies
1391 745 1679 829 aliquem,
1733 749 1847 831 qui
1903 766 1998 811 me
2038 750 2308 831 suspiret
2342 747 2713 832 ademptum,
2754 750 2761 832 Ι
2800 754 2857 813 et

493 852 802 914 tacitus
844 868 1138 931 secum,
1195 867 1290 911 ne
1332 849 1514 932 quis
1558 848 1868 913 malus²
1927 849 2253 934 audiat,
2298 855 2514 932 optet
2551 850 2561 934 Ι
2599 853 2680 915 sit
2722 870 2857 915 mea

498 953 683 1017 lenito
728 948 990 1015 Caesare
1023 969 1229 1031 poena
1271 950 1433 1018 levis.
1781 1019 1789 1023 ,

665 1052 894 1119 Facile
923 1051 1356 1136 intellegitur,
1388 1070 1591 1133 quare
1619 1052 1873 1119 tacitae
1902 1053 2223 1136 imprimis
2252 1057 2321 1119 et
2365 1057 2811 1121 murmuratae
2828 1054 2856 1094 ⁸

493 1155 906 1238 precationes
978 1173 1043 1220 m
1062 1173 1103 1221 a
1117 1155 1203 1238 gi
1219 1174 1255 1221 c
1272 1174 1313 1221 a
1382 1155 1467 1220 in
1544 1174 1585 1221 a
1600 1175 1636 1221 r
1650 1159 1680 1221 t
1696 1173 1733 1221 e
1805 1155 2177 1239 valuerint,
2264 1173 2657 1238 quamquam
2727 1174 2856 1224 non

495 1258 711 1325 minus
754 1262 1051 1340 apparet,
1095 1275 1227 1338 qua
1271 1258 1355 1324 de
1398 1276 1598 1325 causa
1644 1256 1797 1324 aliis
1840 1257 2003 1325 locis
2047 1259 2117 1324 in
2161 1258 2743 1341 imprecationibus
2786 1265 2855 1327 et

495 1359 952 1429 devotionibus
998 1360 1273 1444 magicis
1331 1378 1426 1426 su
1442 1378 1505 1426 m
1522 1378 1644 1427 ma
1662 1378 1698 1426 e
1757 1379 1804 1427 v
1820 1378 1857 1426 o
1874 1379 1911 1426 c
1928 1360 1953 1426 i
1972 1361 2000 1398 ⁴
2059 1379 2302 1444 magna
2360 1361 2463 1428 vis
2521 1361 2857 1428 attributa

670 1531 691 1563 ¹
725 1530 807 1586 Cf.
841 1530 982 1585 locos
1018 1545 1052 1583 a
1085 1529 1387 1585 Sudhausio
1421 1545 1474 1598 p.
1513 1527 1615 1583 184
1648 1529 1920 1585 laudatos.
1989 1529 2111 1599 Ego
2146 1529 2285 1585 addo
2321 1545 2455 1599 quos
2490 1529 2677 1585 inveni
2712 1531 2861 1599 apud

495 1616 621 1672 Chr.
673 1615 889 1671 Lobeck
936 1614 1348 1685 Aqlaophamus
1393 1616 1424 1670 1
1468 1630 1522 1683 p.
1569 1613 1673 1668 273
1695 1630 1810 1683 sqq.
1858 1614 2124 1670 collectos.
2216 1616 2274 1669 Is
2321 1615 2514 1671 laudat
2558 1615 2856 1671 Zenobiam
2965 1612 2974 1621 ⁴

497 1702 657 1756 Prov.
692 1700 775 1756 IV
808 1700 892 1770 29,
929 1716 1088 1769 quem
1123 1701 1300 1755 locum
1336 1715 1404 1755 ex
1438 1700 1746 1755 recensione
1783 1699 2067 1754 Leutschii
2101 1705 2160 1755 et
2196 1699 2596 1756 Schneidewini
2628 1700 2857 1770 (Corpus

492 1785 1096 1856 paroemiographorum
1125 1786 1155 1840 I
1177 1803 1230 1856 p.
1254 1786 1342 1854 92)
1364 1784 1563 1841 affero:
1601 1782 1715 1836 Διὰ
1748 1785 1815 1836 τὸ
1851 1823 1864 1835 .
1891 1827 1904 1839 .
1930 1825 1944 1840 .
1966 1786 2049 1848 τῷ
2090 1781 2341 1849 Θετταλῷ
2375 1783 2559 1854 λόγιον
2594 1787 2857 1845 inuenerat,

496 1868 985 1941 φυλάττεσθαι
1017 1871 1104 1935 μὴ
1140 1868 1391 1922 ἕλωσιν
1416 1869 1634 1923 αὐτὸν
1671 1872 1734 1922 οἱ
1772 1867 1840 1929 ἐξ
1873 1870 2199 1924 ἐναντίας
2234 1869 2398 1937 εὐχῇ
2432 1872 2712 1936 μείζονι
2745 1875 2857 1922 καὶ

494 1953 951 2026 λαμπροτέρα
987 1955 1125 2008 κατ’
1160 1954 1375 2009 αὐτοῦ
1408 1955 1857 2024 χρησάμενοι.
1927 1956 2081 2012 Idem
2116 1955 2184 2011 de
2207 1956 2449 2012 Diotimo
2471 1962 2663 2012 narrat
2684 1956 2856 2012 Schol.

495 2042 684 2113 Eurip.
727 2042 1007 2098 Phoeniss.
1044 2041 1182 2097 1408
1216 2043 1319 2110 (ed.
1355 2041 1645 2098 Eduardus
1681 2042 1963 2097 Schwartz
2005 2042 2182 2097 Berol.
2232 2041 2414 2109 1887):
2477 2041 2728 2108 Διοτίμῳ
2778 2043 2858 2105 τῷ

505 2122 760 2192 Emendat*
793 2130 1036 2179 κατιέναι
1070 2125 1322 2193 μέλλον-τι
1356 2127 1543 2196 λόγιον
1579 2129 1825 2178 ἐκπεσεῖν
1862 2128 2223 2195 ἐπιτηρεῖν
2266 2127 2352 2193 μὴ
2388 2123 2707 2179 λάθωσιν
2741 2126 2821 2179 αὖ
2837 2156 2858 2169 ·

494 2214 613 2265 τὸν
648 2214 714 2264 01
761 2213 1080 2264 ἐναντίοι
1125 2213 1375 2278 μεῖζον
1423 2206 1812 2279 εὐξάμενοι.
1905 2212 2235 2269 Eustathius
2289 2219 2475 2269 autem
2510 2214 2581 2268 ad
2615 2213 2774 2269 Iliad.
2810 2214 2858 2269 Β

495 2314 548 2367 p.
583 2297 702 2369 331,
738 2298 808 2353 18
852 2298 1084 2354 Diotimi
1126 2299 1243 2354 loco
1276 2298 1510 2354 Aratum
1562 2298 1824 2354 nominat.
1906 2300 2062 2354 Idem
2116 2298 2418 2355 Lobeckius
2464 2297 2658 2353 laudat
2692 2299 2857 2354 Iusti-

500 2398 630 2438 num
665 2382 794 2440 hist.
829 2384 936 2438 XX
971 2400 1015 2440 c.
1039 2384 1089 2453 3,
1144 2384 1239 2453 qui
1288 2384 1460 2439 refert
1499 2385 1794 2439 Locrenses
1845 2399 2017 2439 nonas
2063 2384 2298 2453 praedae
2345 2384 2576 2440 vovisse.
2645 2383 2857 2439 Deinde

499 2468 710 2538 pergit:
769 2468 1230 2538 Tacitamque
1264 2485 1408 2523 eam
1443 2485 1583 2523 rem
1616 2468 1947 2537 habuere,
1999 2484 2080 2523 ne
2132 2467 2320 2523 votis
2370 2468 2856 2524 vincerentur.

502 2552 586 2607 Of.
620 2553 768 2609 Plut.
805 2558 1015 2622 quaest.
1051 2553 1207 2609 Rom.
1241 2553 1327 2609 61.

675 2638 698 2670 ²
733 2638 815 2694 Cf.
863 2639 1156 2694 Cassianus
1200 2639 1384 2695 collat.
1431 2639 1515 2694 IX
1548 2639 1645 2694 35:
1700 2639 1867 2694 Gum
1912 2655 2174 2694 summo
2220 2641 2328 2694 est
2371 2639 2714 2695 orandum
2761 2640 2858 2695 si·

502 2723 755 2794 lentio,
788 2727 869 2778 ut
899 2723 1098 2793 ipsos
1122 2740 1387 2795 quoque
1409 2723 1753 2780 inimicos
1777 2728 2087 2790 nostros,
2112 2724 2233 2794 qui
2256 2724 2633 2780 orantibus
2654 2726 2858 2782 nobis

501 2809 802 2864 maa-ime
835 2809 1319 2880 insidiantur,
1356 2811 1589 2866 lateat
1618 2813 1912 2865 nostrae
1934 2810 2335 2880 petitionis
2367 2809 2695 2866 intentio.

675 2894 698 2926 ⁸
732 2894 1206 2965 Superstitios
1221 2911 1293 2951 as
1326 2896 1664 2966 precationes
1698 2900 2067 2952 murmuratas
2100 2895 2380 2952 Iuvenalis
2426 2897 2603 2966 carpit
2638 2902 2740 2952 sat.
2775 2897 2858 2952 VI

499 2980 605 3035 539
613 2996 759 3049 sqq.:
792 2980 957 3035 Illius
991 2980 1255 3040 lacrimae
1289 2980 1657 3050 meditataque
1690 2998 1986 3036 murmura
2011 2984 2323 3051 praestant,
2354 2981 2364 3050 Ι
2393 2984 2459 3036 ut
2491 2981 2710 3036 veniam
2745 2981 2856 3036 cul-

494 3081 603 3135 pae
636 3081 751 3120 non
785 3065 998 3121 abnuat
1034 3109 1048 3122 .
1087 3107 1099 3120 .
1136 3108 1149 3122 .
1193 3065 1387 3122 Osiris.
1474 3067 1555 3123 cf.
1591 3067 1814 3123 Persius
1860 3073 1963 3123 sat.
1999 3067 2052 3123 V
2089 3066 2205 3136 184,
2252 3066 2589 3123 Prudentius
2624 3083 2667 3122 c.
2703 3067 2854 3136 Sym-

502 3152 751 3207 machum
785 3153 816 3207 I
849 3168 904 3207 v.
927 3152 1158 3221 208sqq.
1196 3152 1400 3223 (Migne
1427 3153 1634 3209 Patrol.
1670 3169 1773 3208 ser.
1809 3153 1909 3209 lat.
1943 3159 2075 3209 tom.
2099 3153 2200 3208 LX
2224 3152 2353 3221 7153
2390 3170 2443 3208 v.
2466 3169 2631 3223 supra
2665 3170 2716 3222 p.
2742 3154 2857 3222 27):

502 3236 646 3291 Μοω
666 3237 1147 3307 humerispositus
1165 3238 1406 3293 nutricis
1432 3237 1592 3294 trivit
1614 3238 1806 3307 etipse
1837 3238 1846 3307 Ι
1874 3237 2260 3308 impressis
2281 3238 2559 3293 silicem
2596 3237 2854 3308 labris,

493 3323 819 3391 puerilia
853 3325 1013 3378 vota
1043 3325 1052 3389 Ι
1078 3323 1305 3392 fudit,
1343 3339 1568 3393 opesque
1600 3322 1708 3379 sibi
1742 3339 1902 3379 caeca
1937 3323 2001 3379 de
2033 3341 2169 3393 rupe
2194 3322 2459 3394 poposcit.

672 3407 700 3439 ⁴
735 3408 816 3464 Cf.
851 3409 916 3464 E.
953 3425 1062 3464 von
1094 3409 1335 3465 Lasaulx
1370 3409 1603 3465 Studien
1635 3408 1728 3465 des
1763 3408 2092 3465 klassischen
2113 3409 2456 3464 Alterthums
2480 3409 2616 3465 1854
2649 3427 2702 3480 p.
2729 3409 2855 3465 160:

505 3493 630 3547 Das
663 3493 770 3548 mit
810 3493 1082 3548 Inbrunst
1127 3493 1219 3549 des
1264 3495 1495 3550 Willens
1539 3494 1997 3567 ausqesprochene
2040 3495 2205 3550 Wort
2246 3495 2349 3550 hat
2378 3494 2752 3562 Zauberkraft
2794 3497 2857 3550 in

503 3577 650 3645 siem
702 3578 871 3633 daher
901 3579 1045 3633 auch
1080 3578 1164 3634 bei
1204 3579 1474 3635 Giiechen
1508 3579 1626 3635 und
1658 3581 1908 3636 Ro'mern
1942 3580 2039 3636 der
2071 3580 2292 3652 Beqriff
2331 3580 2427 3636 der
2462 3581 2649 3652 Μαρία
2694 3580 2859 3635 meist

502 3679 581 3717 an
609 3662 711 3719 das
747 3664 918 3729 Wort,
954 3664 1290 3719 namentlich
1312 3683 1387 3720 an
1416 3665 1516 3720 das
1537 3665 2037 3737 wiedererwa'rmte,
2066 3667 2419 3737 potenzierte,
2456 3665 2651 3720 belebte
2686 3666 2854 3736 Wart,

502 3766 580 3803 an
625 3748 731 3803 den
785 3749 1002 3819 Gesanq
1032 3748 1303 3821 qeknt'ipft
1344 3751 1433 3807 ist.
1516 3751 1667 3820 Quod
1712 3757 1781 3807 ut
1833 3752 2115 3809 confirmet
2159 3752 2574 3823 congruentiam
2620 3751 2855 3808 existere

501 3835 762 3890 sermonis
796 3834 981 3904 graeci
1016 3840 1075 3890 et
1106 3835 1272 3891 latini
1303 3837 1587 3892 ostendere
1621 3838 1825 3909 studet,
1872 3837 2003 3893 dum
2038 3838 2311 3906 componit
2345 3853 2529 3892 vocem
2576 3839 2856 3902 βασκαίνω

499 3919 805 3975 derivatam
840 3938 874 3976 a
910 3919 1074 3976 verbo
1107 3919 1260 3988 βάζω
1295 3921 1385 3976 ich
1405 3921 1625 3992 spi-eche
1659 3928 1718 3978 et
1749 3921 1986 3991 fascino,
2024 3922 2301 3992 bespreche
2335 3921 2600 3977 beschreie
2633 3921 2854 3991 beheoee3

500 4001 672 4070 κηλέω
699 4002 914 4076 (καλέω)
940 4004 1216 4075 bespreche
1240 4006 1542 4074 bezaubere,
1577 4005 1789 4072 κήλησις
1812 4004 2023 4073 κήλημα
2043 4007 2427 4078 Besprechunq
2448 4008 2856 4078 Bezauberun9‚

502 4087 802 4158 κήληθρον,
848 4088 1169 4161 κηλητήριον
1219 4091 1618 4148 Zaubermittel
1631 4135 1644 4163 ‚
1703 4090 1929 4158 κηλητής
1979 4089 2209 4159 κηλητήρ
2258 4092 2558 4163 Zauberer,
2612 4090 2858 4159 κηληὸών

500 4175 931 4248 Zauberqesany.
1001 4177 1164 4247 Apud
1196 4182 1470 4235 nostrates
1507 4178 1681 4249 yalan
1710 4178 1842 4234 olim
1866 4178 2213 4249 significabat
2247 4194 2440 4234 canere
2473 4186 2532 4235 et
2565 4179 2858 4235 incantare

504 4260 731 4330 (Gr-imm
753 4260 1030 4316 Deutsche
1050 4262 1388 4333 Mytholoqie
1402 4265 1425 4297 ²
1450 4263 1585 4318 1844
1608 4281 1660 4334 p.
1682 4264 1825 4332 987).
1894 4264 2104 4320 Deinde
2139 4272 2441 4333 comparat:
2478 4260 2648 4331 ἕξᾴὸω
2684 4271 2743 4321 et
2764 4282 2856 4321 ex·

503 4349 665 4402 canto
698 4346 850 4417 sinqe
884 4346 1096 4418 heraeas,
1133 4348 1362 4405 zaubere
1395 4365 1539 4420 weq,·
1574 4345 1761 4415 ἑπιίδω
1783 4349 2010 4404 incanto
2019 4366 2040 4415 ,·
2074 4345 2255 4414 ἐπφὸή
2278 4348 2589 4405 incantatio
2599 4368 2618 4414 ,·
2654 4347 2855 4414 ἐπῳδός
