3509 5067
641 367 683 429 4
1545 363 1815 419 Henricus
1848 363 2092 419 Schmidt
2925 368 2996 454 [4

641 531 823 598 ἔσται
865 554 973 598 σοι
1013 530 1182 618 πρὸς
1207 530 1288 596 τὰ
1329 531 1618 618 παρόντα
1660 529 1907 597 πολλοῦ
1934 531 2117 612 ἄξιον
2132 558 2148 574 ·
2193 529 2438 616 ὑγιείας
2477 536 2600 619 γάρ
2627 553 2759 599 που
2791 532 2905 620 δέῃ
2919 558 2943 609 ,·
2958 537 2991 571 “

645 635 754 722 „rip
796 635 925 709 Δί’,
970 631 1167 708 εἶπεν,
1217 632 1329 722 „qv
1370 633 1431 719 γ’
1475 632 1511 700 ὃ
1555 633 1933 722 Ἀσκληπιὸς
1974 631 2433 720 ἐπαγγέλλεται
2471 639 2605 719 μέν,
2652 635 2727 701 οὗ
2769 634 3000 702 δίδωσι

642 737 772 803 δέ.“
823 737 1194 824 ᾕεῦφήμειιζ
1237 735 1381 825 ἔφη,
1430 746 1605 821 ,,τοῖς
1636 736 1760 822 γὰρ
1802 734 2215 821 βουλομένοις
2256 735 2502 812 δίδωσι,
2548 739 2626 804 σὺ
2670 737 2731 804 δ’
2747 735 2998 804 ἐναντία

639 853 718 927 τῇ
745 840 913 926 νόσῳ
944 843 1249 925 πράττεις
1262 859 1278 875 ·
1317 851 1528 927 τρυφῇ
1571 839 1693 925 γὰρ
1738 837 1958 918 διδοὺς
2000 838 2379 927 ὀψοφαγίαν
2414 836 2754 927 ἐπεσάγεις
2778 840 2998 930 ὑγροῖς

641 945 752 1009 καὶ
795 942 1183 1028 διεφθορόσι
1225 952 1364 1020 τοῖς
1407 941 1801 1027 σπλάγχνοις
1841 942 1950 1007 καὶ
1992 940 2181 1008 ὕδατι
2222 941 2557 1022 ἐπαντλεῖς
2596 943 2858 1032 πηλόν“.

810 1063 1063 1148 Quibus
1105 1061 1539 1146 posteriorum
1582 1062 1934 1130 sententiis
1978 1068 2318 1131 auctorum
2345 1065 2807 1149 praesumptis,
2850 1083 2995 1133 cum

642 1168 1040 1235 cohaereant
1084 1184 1230 1233 cum
1272 1166 1634 1233 Democriti
1686 1165 1883 1250 dicto,
1937 1169 2007 1233 et
2064 1168 2148 1233 ad
2192 1167 2563 1249 superiores
2604 1167 2859 1235 revecti
2905 1170 2998 1235 ‘ad

641 1268 1100 1351 Euripidem
1122 1286 1241 1335 nos
1271 1274 1744 1352 convertemuS,
1775 1268 1890 1350 qui
1911 1268 2072 1350 quia
2099 1268 2390 1336 imbutus
2420 1275 2522 1336 est
2548 1269 2995 1354 philosophiae

641 1370 1011 1456 praeceptis
1062 1372 1146 1437 ad
1188 1389 1409 1437 rerum
1451 1374 1763 1437 naturam
1808 1370 2295 1452 pertinentibus
2337 1372 2769 1440 nominandus
2813 1379 2884 1439 et
2924 1372 2997 1439 in

637 1475 867 1558 primis
885 1475 1249 1542 audiendus
1263 1479 1384 1559 est,
1406 1492 1552 1540 cum
1566 1473 1794 1556 agitur
1808 1474 2334 1558 philosophorum
2350 1477 2433 1542 de
2447 1475 2933 1559 precationibus
2952 1478 2996 1542 ¹.

637 1577 993 1661 Euripides
1021 1577 1193 1644 enim
1222 1595 1354 1644 non
1383 1576 1591 1643 solum
1620 1583 1821 1659 poeta
1849 1582 2017 1654 erat,
2047 1582 2125 1644 ut
2147 1578 2516 1662 Aeschylus
2540 1584 2611 1645 et
2630 1578 2996 1663 Sophocles,

640 1683 759 1748 sed
802 1680 1004 1747 etiam
1046 1679 1484 1763 philosophus,
1529 1684 1605 1745 ut
1648 1684 1834 1746 recte
1877 1681 1963 1747 ab
2005 1680 2351 1748 Athenaeo
2394 1679 2495 1747 IV
2535 1682 2621 1747 48
2672 1697 2734 1764 p.
2779 1681 2906 1748 158
2917 1680 2996 1762 E,

638 1782 815 1850 XIII
857 1784 940 1849 12
983 1802 1045 1865 p.
1087 1783 1212 1872 561
1232 1781 1295 1848 Α
1350 1780 1804 1849 nominaretur
1843 1779 1879 1846 ὃ
1924 1781 2218 1870 σκηνικὸς
2271 1779 2668 1868 φιλόσοφος,
2724 1783 2996 1847 scenicus

631 1883 1025 1969 philosophus
1081 1903 1125 1951 a
1174 1883 1482 1952 Vitruvio
1525 1884 1695 1951 VHI
1744 1884 1957 1965 praef.
2004 1884 2095 1952 1².
2180 1884 2417 1953 Multis
2466 1884 2538 1952 in
2594 1886 2790 1953 rebus
2845 1903 2992 1952 eum

637 1987 1055 2055 Heraclitum
1134 1991 1430 2054 secutum
1512 2005 1658 2054 esse
1746 1987 2227 2056 demonstravit
2311 1987 2678 2055 Guilelmus
2764 1987 2826 2053 N
2826 1986 2994 2055 estle

636 2109 700 2171 p.
744 2091 818 2173 5,
876 2089 992 2172 qui
1044 2089 1208 2156 dicit
1267 2090 1349 2156 de
1407 2088 1758 2173 Euripide:
1831 2088 1916 2154 In
1973 2089 2102 2155 ihm
2162 2091 2506 2173 vereiniqen
2567 2089 2701 2155 sich
2758 2091 2869 2155 wie
2922 2090 2994 2154 in

641 2193 838 2257 einem
866 2190 946 2256 B»
950 2191 1288 2274 enoepunkt
1324 2191 1449 2258 alle
1479 2190 1775 2257 Strahlen
1812 2190 2225 2278 ym‘eehischen
2254 2192 2504 2277 Geistes,
2546 2191 2645 2257 die
2684 2194 2759 2257 in
2799 2193 2995 2257 einem

636 2293 857 2360 halben
910 2293 1344 2360 Jahnausend
1406 2315 1522 2359 von
1577 2293 1822 2359 Homer
1876 2295 1972 2360 bis
2037 2296 2167 2377 auf
2225 2293 2540 2378 Solemus,
2603 2313 2723 2359 von
2764 2294 2995 2359 Jonien

637 2397 732 2463 bis
793 2396 953 2463 nach
1025 2397 1239 2480 Gross·
1258 2396 1713 2463 Griechenland
1781 2397 2246 2479 auf'leuchteten.
2369 2397 2610 2480 Itaque
2680 2396 2750 2463 in
2821 2395 2994 2463 hunc

638 2498 918 2566 maxime
961 2501 1264 2583 quadrat,
1306 2501 1479 2581 quod
1534 2500 1607 2566 in
1649 2499 2029 2568 universum
2069 2500 2239 2567 scite
2283 2501 2560 2566 adnotat
2600 2499 2852 2566 Seneca
2895 2516 2995 2581 ep.

637 2603 697 2685 8,
740 2603 813 2669 8:
867 2601 1073 2682 Quam
1115 2601 1300 2665 multi
1329 2608 1547 2686 poetae
1586 2602 1823 2685 dicunt,
1879 2622 2035 2685 quae
2074 2601 2450 2685 philosophis
2489 2608 2606 2665 aut
2645 2601 2809 2667 dicta
2847 2608 2997 2666 sunt

635 2707 750 2768 aut
781 2702 1059 2769 dicenda.
1115 2704 1197 2770 In
1225 2702 1547 2786 religione
1572 2701 1744 2771 enim
1775 2709 1974 2787 poeta
2001 2721 2237 2771 novam
2268 2709 2470 2785 atque
2499 2721 2685 2770 suam
2714 2702 2995 2785 protulit

639 2805 1002 2874 doctrinam
1020 2806 1065 2872 ⁸.

807 2926 1058 2994 Bonam
1095 2925 1400 3009 piamque
1441 2930 1726 2994 mentem
1772 2930 1843 2992 et
1891 2929 2145 2993 rectam
2184 2925 2594 2993 voluntatem
2637 2923 2992 3007 Euripides
3117 3003 3120 3006 ,

563 3205 569 3212 -
810 3167 833 3200 ²
867 3165 1141 3235 Imprimis
1165 3165 1499 3221 Guilelmum
1533 3164 1724 3220 Nestle
1770 3162 2071 3233 Euripides
2105 3163 2201 3217 der
2232 3161 2467 3217 Dichter
2501 3160 2596 3215 der
2624 3158 2992 3231 griechischen

638 3249 992 3321 Aufklimmq
1029 3250 1431 3321 (Stuttgardiae
1467 3249 1622 3320 1901)
1659 3249 1850 3305 ducem
1885 3264 2094 3317 sequor.

811 3335 835 3368 ²
869 3336 1056 3404 Usque
1089 3336 1160 3391 ad
1196 3343 1384 3391 nostra
1417 3340 1667 3404 tempora
1688 3334 1981 3403 Euripides
2010 3329 2358 3402 philosophus
2379 3348 2488 3388 non
2510 3330 2648 3387 satis
2671 3330 2994 3386 aestimatus

639 3428 740 3493 est,
773 3436 844 3477 ne
877 3437 913 3475 a
958 3421 1167 3477 Zellero
1201 3421 1438 3490 quidem.
1507 3420 1594 3476 Cf.
1626 3420 1695 3476 U.
1733 3419 1814 3475 de
1847 3418 2352 3487 Wilamowitz‚
2398 3417 2665 3473 Analecta
2696 3414 2996 3485 Euripidea

814 3608 838 3642 ⁸
871 3609 1101 3665 Novas
1135 3624 1321 3678 preces
1357 3609 1660 3679 reperimus
1693 3609 1892 3664 Troad.
1926 3608 2193 3677 884sqq.:

1110 3703 1173 3763 Ὦ
1190 3713 1285 3781 γῆς
1318 3709 1494 3779 ὄχημα
1528 3709 1665 3777 κᾷπὶ
1695 3713 1791 3779 γῆς
1822 3712 1962 3774 ἔχων
1996 3705 2177 3778 ἕδραν,

1109 3794 1287 3853 Ὅστις
1307 3794 1432 3849 ποτ’
1471 3794 1523 3848 εἶ
1555 3795 1639 3857 σύ,
1674 3793 2040 3850 δυστόπαστος
2074 3790 2288 3864 εἰδέναι,

1117 3884 1267 3943 Ζεύς,
1303 3879 1400 3935 εἴτ’
1437 3881 1645 3950 ἀνάγκη
1680 3881 1886 3951 φύσεως
1919 3883 2030 3934 εἴτε
2061 3882 2190 3935 νοῦς
2222 3880 2460 3951 βροτῶν,

1121 3966 1529 4039 Προσηυξᾰμην
1562 3987 1622 4020 σο
1636 3983 1650 3996 ·
1686 3966 1870 4020 πάντα
1901 3965 2024 4037 γάρ,
2065 3962 2131 4017 δι’
2169 3964 2382 4035 ἅψόγσυ

1121 4055 1347 4106 Balneum
1382 4050 1667 4114 κελεύθου,
1701 4051 1839 4106 κατὰ
1872 4049 2022 4118 δίκην
2053 4049 2124 4104 τὰ
2157 4047 2323 4117 θνήτ’
2359 4048 2519 4119 ἄγεις.

811 4156 957 4214 Nov
971 4174 1044 4213 as
1066 4173 1251 4228 preces
1273 4163 1437 4227 poeta
1459 4155 1578 4227 ipse
1600 4156 1828 4226 indicat,
1865 4171 1988 4211 cum
2010 4154 2317 4210 Menelaum
2340 4167 2409 4207 ex
2430 4149 2655 4207 Hecuba
2676 4150 2811 4205 haec
2832 4148 2999 4205 verba

642 4243 859 4299 dicente
893 4248 1246 4312 quaerentem
1279 4243 1442 4299 fecit:

1130 4345 1195 4397 Τι’
1226 4340 1272 4396 δ’
1296 4346 1461 4405 ἔστιν,
1498 4342 1649 4408 εὐχὰς
1683 4342 1754 4397 ὥς
1790 4344 2058 4397 ἐκαίνισας
2075 4341 2282 4409 affatim·
