3509 5067
489 358 605 446 43]
644 377 648 384 ·
850 358 1078 414 Veteres
1113 356 1413 427 philosophi
1449 357 1715 425 quomodo
1748 356 2117 412 iudicaverint
2150 357 2217 413 de
2251 357 2502 427 precibus
2769 359 2858 425 43

492 529 699 597 animi
741 532 950 597 bonus
992 529 1099 595 vir
1141 528 1274 595 sibi
1302 530 1445 612 ipse
1489 533 1845 612 comparat,
1895 526 2307 610 precationes
2335 527 2548 611 igitur
2588 529 2857 598 inutiles

490 637 678 715 sunt3
723 631 1025 699 funditus
1054 637 1276 698 autem
1306 631 1788 713 repudiandum
1819 640 1924 697 est
1952 631 2243 697 homines
2280 632 2453 697 bona
2496 632 2785 714 corporis
2815 652 2857 699 a

488 735 596 803 dis
619 740 867 819 petere,
891 735 1051 816 quia
1073 732 1254 798 οὐδὲν
1269 729 1472 809 αἰτεῖς
1490 743 1617 796 τῶν
1637 732 1849 796 καλῶν
1869 732 1934 819 (ξ
1951 735 1989 798 7
2006 732 2193 817 init).
2222 733 2628 817 Quamquam
2647 734 2858 801 Maxi-

487 857 634 906 mus
646 838 888 921 Tyrius
905 855 1134 919 preces
1150 836 1409 903 omnino
1425 837 1526 902 ita
1545 836 1918 917 improbare
1935 835 2218 917 videtur,
2231 841 2453 902 tamen
2470 836 2599 903 fine
2615 837 2856 904 disser-

487 940 767 1008 tationis
811 938 1205 1006 instruimur
1247 957 1394 1006 eum
1424 937 1624 1005 aliter
1649 938 1966 1004 iudicare.
2055 939 2149 1006 Ut
2179 938 2480 1020 graviter
2505 944 2860 1022 precentur

488 1043 786 1112 homines
853 1042 1264 1125 adhortatur,
1331 1060 1475 1108 cum
1543 1042 1706 1107 deus
1772 1041 1975 1107 iudex
2032 1059 2307 1109 severus
2365 1041 2489 1125 sit,
2562 1042 2670 1108 cui
2726 1060 2856 1109 non

487 1147 919 1214 lamentando
948 1149 1066 1211 aut
1094 1145 1411 1228 gemendo
1440 1143 1692 1210 instare
1721 1142 1981 1224 possint
2002 1144 2047 1210 ¹.
2111 1143 2571 1211 Precabantur
2599 1144 2860 1225 quidem

490 1248 718 1332 magni
773 1247 1178 1330 philosophi,
1227 1266 1281 1313 e.
1342 1266 1403 1329 g.
1457 1248 1765 1313 Socrates
1817 1250 1887 1312 et
1930 1246 2351 1330 Pythagoras
2411 1251 2481 1314 et
2524 1247 2720 1313 Plato
2789 1253 2859 1314 et

492 1349 791 1433 quisquis
836 1349 962 1416 diis
1004 1350 1252 1416 amicus
1296 1353 1457 1416 erat.
1559 1349 1787 1429 Neque
1844 1367 2005 1416 vero
2063 1350 2381 1431 petebant
2425 1369 2468 1416 a
2527 1349 2630 1416 dis
2686 1351 2861 1417 bona

488 1452 802 1536 corporis
903 1453 1114 1537 Quam
1184 1471 1344 1520 vere
1410 1451 1587 1535 piam
1645 1451 2173 1533 philosophorum
2235 1453 2597 1519 orationem
2613 1503 2629 1536 ,
2690 1470 2859 1534 quae

492 1555 871 1622 nominatur
945 1553 1169 1637 ὁμιλία
1241 1554 1349 1618 καὶ
1416 1552 1744 1630 διάλεκτος
1814 1552 1984 1639 πρὸς
2051 1554 2199 1632 τοὺς
2261 1555 2458 1631 θεοὺς
2514 1554 2669 1640 περὶ
2732 1564 2860 1618 τῶν

485 1656 825 1742 παρόντων
881 1657 992 1721 καὶ
1048 1655 1367 1737 ἐπίδειξις
1413 1664 1522 1741 τῆς
1566 1655 1790 1742 ἀρετῆς
1808 1656 1853 1740 ²,
1910 1657 2238 1723 Maximus
2303 1658 2546 1740 Tyrius
2605 1676 2859 1739 quoque

487 1759 792 1827 admittit
850 1764 1053 1842 atque
1103 1778 1234 1827 non
1294 1761 1482 1825 modo
1525 1779 1669 1826 eam
1728 1759 2002 1844 tolerat,
2062 1762 2179 1826 sed
2237 1759 2439 1827 etiam
2498 1761 2733 1827 laudat
2790 1765 2860 1827 et

490 1863 854 1945 praedicat.
941 1863 1089 1946 Qua
1131 1881 1206 1929 re
1250 1867 1438 1945 patet
1482 1880 1630 1929 eum
1674 1881 1806 1929 non
1866 1863 1937 1928 in
1995 1881 2215 1929 omnes
2259 1862 2670 1946 precationes
2691 1863 2718 1901 ³
2759 1862 2859 1930 in-

486 1970 754 2032 vectum
799 1983 962 2047 esse,
1021 1968 1139 2031 sed
1183 1969 1442 2032 tantum
1486 1965 1556 2031 in
1603 1983 1715 2031 eas
1758 1984 1926 2046 quas
1983 1984 2228 2047 pravas
2270 1985 2417 2032 esse
2473 1984 2858 2049 persuasum

488 2068 863 2150 habebat43
908 2067 979 2134 id
1023 2074 1143 2151 est,
1185 2067 1255 2134 in
1302 2086 1432 2151 eaS,
1477 2086 1648 2148 quae
1692 2069 1781 2134 ad
1825 2069 1998 2134 bona
2029 2068 2316 2150 corporis
2358 2071 2771 2151 spectabant.

663 2171 847 2237 Nulli
889 2170 1415 2253 philosophorum
1472 2170 1814 2236 doctrinae
1859 2170 2161 2237 addictus
2205 2171 2530 2238 Lucian
2554 2191 2648 2238 us
2694 2175 2858 2238 erat.

487 2273 696 2340 Cuius
739 2274 809 2339 in
857 2274 1136 2358 dialogo,
1182 2273 1295 2355 qui
1336 2273 1726 2340 inscribitur
1764 2274 2070 2356 Iuppiter
2097 2272 2495 2357 confutatuS,
2537 2274 2856 2356 Cyniscus

488 2375 776 2459 Cynicus
834 2376 981 2443 Iovi
1039 2378 1446 2443 demonstrat
1498 2394 1728 2458 preces
1798 2381 1869 2443 et
1925 2395 2120 2443 sacra
2174 2376 2443 2443 inutilia
2491 2382 2563 2443 et
2633 2395 2857 2458 super·

492 2497 791 2546 vacanea
834 2497 997 2562 esse,
1040 2479 1098 2546 si
1141 2498 1214 2545 re
1257 2499 1420 2548 vera
1465 2479 1532 2545 di
1576 2478 1854 2561 imperio
1898 2479 2057 2546 Fati
2116 2479 2400 2546 subiecti
2462 2484 2532 2545 et
2587 2478 2857 2546 obnoxii

485 2587 648 2649 sunt
669 2581 713 2648 ⁶.
798 2582 978 2665 Quas
1021 2580 1259 2664 impias
1296 2582 1665 2649 sententias
1709 2581 2015 2664 Iuppiter
2073 2582 2495 2649 exsecrandis
2537 2580 2857 2665 sophistis

493 2683 756 2750 crimini
784 2686 918 2767 dat,
958 2684 1073 2767 qui
1114 2685 1278 2752 alios
1323 2703 1578 2766 quoque
1617 2685 1925 2767 precibus
1954 2688 2024 2752 et
2068 2684 2411 2752 sacrificiis
2444 2685 2858 2767 prohibeant,

488 2786 734 2870 quippe
780 2806 948 2869 quae
991 2806 1181 2854 cassa
1209 2787 1350 2855 sint
1394 2792 1463 2854 et
1508 2807 1685 2855 vana
1706 2787 1748 2853 ⁰.
1837 2787 2277 2854 Nihilominus
2321 2787 2464 2870 ipse
2504 2789 2857 2854 concedere

488 2889 758 2972 ‚cogitur
801 2909 875 2956 re
917 2909 1079 2958 vera
1121 2890 1290 2957 nihil
1319 2893 1631 2973 prodesse
1670 2889 2000 2957 sacrificia
2042 2890 2431 2972 hominibuS,
2473 2889 2858 2957 reverentia

668 3060 689 3092 ¹
735 3059 996 3116 Similiter
1062 3066 1342 3116 accusatos
1408 3061 1828 3117 misericordiam
1887 3060 2131 3116 iudicum
2188 3059 2334 3115 omni
2394 3061 2548 3115 modo
2607 3064 2857 3129 captasse

492 3145 902 3215 Aristophanes,
937 3146 1114 3201 iocose
1149 3145 1384 3215 quidem,
1421 3146 1681 3202 describit
1712 3147 1772 3201 in
1807 3145 2004 3216 Vespis
2039 3164 2091 3201 v.
2127 3146 2231 3199 976
2243 3162 2360 3215 sqq.

664 3230 688 3263 ³
723 3230 985 3287 Similiter
1018 3232 1348 3287 Plutarchus
1384 3248 1596 3300 quoque
1630 3235 1818 3287 censet
1865 3230 2001 3287 Mor.
2047 3232 2146 3286 351
2164 3231 2234 3286 C:
2292 3231 2493 3282 Πάντα
2526 3232 2632 3297 μὲν
2666 3226 2748 3281 δεῖ
2787 3229 2858 3283 τὰ

486 3314 679 3385 ἀγαθὰ
711 3314 837 3370 τοὺς
882 3319 1019 3369 νοῦν
1066 3318 1287 3379 ἔχοντας
1331 3318 1611 3368 αἰτεῖσθαι
1655 3315 1808 3384 παρὰ
1862 3318 1979 3369 τῶν
2012 3319 2169 3369 θεῶν
2217 3318 2304 3386 (cf.
2338 3318 2483 3372 Plat.
2517 3316 2658 3373 Tim.
2694 3316 2858 3385 270),

490 3397 721 3467 μάλιστα
757 3403 820 3454 δὲ
852 3404 943 3468 τῆς
978 3405 1106 3471 περὶ
1140 3399 1324 3454 αὐτῶν
1359 3401 1649 3467 ἐπιστήμης
1692 3398 1827 3453 ὅσον
1866 3404 2121 3473 ἐφικτέον
2173 3403 2322 3454 ἐστὶν
2366 3400 2691 3476 ἀνθρώποις
2734 3419 2857 3469 μετ-

489 3486 685 3545 ιόντες,
718 3484 993 3554 εὐχόμεθα
1026 3488 1313 3555 τυγχάνειν
1346 3486 1475 3555 παρ’
1514 3487 1696 3539 αὐτῶν
1731 3488 1967 3544 ἐκείνων.
2820 3473 2825 3481 “

669 3570 692 3603 ³
723 3572 841 3628 Hoc
902 3573 1159 3642 opinatur
1214 3574 1319 3629 Ad.
1371 3589 1425 3629 v.
1484 3573 1709 3629 Harless
1772 3572 1899 3628 Das
1955 3573 2117 3629 Buch
2177 3589 2284 3629 von
2347 3571 2452 3627 den
2503 3572 2857 3644 iiqyptischcn

486 3656 802 3727 Mysterien
834 3657 1046 3713 Monaci
1083 3659 1218 3713 1858
1251 3675 1304 3727 p.
1340 3660 1423 3714 75.
1493 3659 1719 3714 Falsum
1762 3666 1863 3714 est.

667 3742 692 3776 ⁴
726 3743 806 3798 Cf.
831 3744 898 3798 R.
917 3744 1161 3799 Rohdich
1183 3744 1274 3799 De
1292 3743 1545 3799 Maximo
1570 3745 1742 3814 Tyrio
1769 3744 2022 3814 theologo,
2047 3743 2189 3799 Diss.
2212 3743 2509 3800 Vratislav.
2531 3744 2667 3799 1879
2688 3761 2742 3814 p.
2759 3743 2857 3800 41:

501 3828 641 3883 Tota
657 3827 788 3884 haec
805 3830 1212 3899 argumentatio
1235 3830 1386 3885 ratio
1404 3829 1708 3900 sophistica
1726 3833 1892 3898 atque
1916 3830 2003 3884 ita
2015 3832 2337 3898 comparata
2355 3832 2452 3896 cst,
2469 3832 2548 3898 ut,
2573 3846 2711 3898 quae
2725 3845 2859 3899 pro·

486 3913 774 3983 feruntur,
810 3931 874 3968 ea
911 3915 1091 3984 magis
1113 3915 1491 3971 instrumenta
1515 3919 1844 3986 appareant,
1880 3915 2078 3985 quibus
2102 3914 2457 3984 propositum
2491 3915 2858 3983 confirmetur,

488 4015 662 4068 quam
679 4016 707 4053 e
724 4017 854 4055 vera
865 4001 1139 4055 sententia
1156 4000 1321 4057 dicta.
1359 4002 1439 4057 cf.
1459 4001 1641 4056 Damii
1654 4017 1869 4070 quoquc
1883 4000 2050 4058 verba
2067 4018 2102 4055 a
2120 4000 2421 4056 Rohdichio
2443 4000 2671 4056 laudata
2688 4017 2741 4069 p.
2758 4000 2856 4056 41:

491 4083 788 4139 Maximus
822 4085 974 4140 redet
1007 4085 1523 4156 bedinyunysweise:
1559 4103 1717 4140 wem»
1751 4102 1808 4140 es
1843 4086 1935 4140 cin
1969 4085 2171 4141 solches
2203 4084 2483 4140 Schicksal
2511 4084 2645 4157 gibt,
2686 4101 2746 4140 so
2781 4085 2860 4143 iat

488 4168 626 4225 alles
671 4170 848 4226 Beten
892 4170 1218 4241 verqcblich,·
1262 4171 1408 4226 devm
1452 4171 1693 4227 mehrere
1739 4171 1826 4226 als
1884 4170 1973 4225 die
2018 4171 2151 4225 oben
2196 4170 2494 4241 yedachten
2544 4171 2660 4226 viar
2696 4171 2858 4226 Fa'llc

486 4253 771 4324 (πρόνοια,
817 4258 1117 4325 εἱμαρμένη
1151 4273 1196 4311 8.
1231 4254 1456 4324 ἀνάγκη,
1490 4256 1640 4323 τύχη,
1682 4254 2011 4326 ἀνθρωπίνη
2045 4257 2227 4327 τέχνη)
2260 4256 2389 4311 sind
2422 4255 2578 4312 nicht
2609 4254 2857 4327 mb'qlicll.

663 4342 687 4375 ὓ
720 4342 879 4411 Iupp.
916 4342 1120 4397 coniut.
1156 4358 1200 4397 c.
1237 4344 1285 4412 5,
1323 4343 1394 4398 cf.
1428 4359 1472 4399 c.
1512 4341 1593 4398 11.
1839 4343 1865 4376 ⁰
1898 4359 1943 4397 c.
1979 4343 2030 4397 6.
