3509 5067
713 287 798 354 20
1619 288 1888 345 Henricus
1922 289 2165 345 Schmidt
2951 292 3063 379 [20

714 459 1038 527 interesse
1095 459 1330 539 quanti
1391 459 1529 526 sint
1587 480 1795 544 sacra,
1861 462 1979 529 sed
2046 483 2180 544 qua
2244 470 2463 532 mente
2529 466 2642 547 qui
2706 464 3065 533 sacrificet:

715 561 894 627 Οῧτω
935 558 1009 626 ,τὸ
1063 557 1420 624 εὐδάπανον
1463 560 1653 645 φίλον
1695 565 1885 639 θεοῖς
1926 563 2034 628 καὶ
2093 565 2338 647 μᾶλλον
2393 568 2464 633 τὸ
2507 565 2837 648 δαιμόνιον
2898 566 3068 654 πρὸς

713 662 785 727 τὸ
811 672 935 726 τῶν
963 659 1252 725 θυόντων
1279 654 1492 745 ἦθος
1521 658 1558 745 ἢ
1596 664 1763 746 πρὸς
1788 663 1861 729 τὸ
1890 676 2017 731 τῶν
2042 670 2382 750 θυομένων
2422 668 2996 755 πλῆθοςβλέπει
3022 671 3067 739 ².

713 767 875 832 Post
903 783 1002 849 ea,
1046 783 1218 847 quae
1247 764 1659 848 Porphyrius
1689 765 2091 849 interposuit
2127 776 2505 842 contextum
2533 772 2689 839 libri
2717 771 2866 858 περὶ
2894 771 3066 838 εὗσε-

713 869 897 952 βείας
915 868 1111 950 plane
1134 886 1581 951 perrumpenS,
1612 868 2107 950 Theophrastus
2128 875 2387 956 pergit:
2417 879 2540 939 Δεῖ
2557 876 2765 939 τοίνυν
2786 876 3066 962 καθηρα-

710 973 941 1052 μένους
980 968 1053 1034 τὸ
1096 962 1266 1054 ἦθος
1310 965 1477 1034 ἰέναι
1517 970 1856 1057 θύσοντας2
1893 980 2033 1046 τοῖς
2072 973 2263 1049 θεοῖς
2288 976 2629 1062 θεοφιλεῖς
2668 977 2786 1054 τὰς
2807 983 2810 986 ’
2828 979 3068 1055 θυσίας

713 1075 1161 1159 προσάγοντας
1204 1070 1367 1136 ἀλλὰ
1401 1071 1489 1157 μὴ
1522 1071 1914 1149 πολυτελεῖς.
2003 1074 2146 1140 Non
2177 1076 2346 1142 satis
2377 1096 2522 1144 esse
2552 1097 2785 1161 corpus
2813 1081 3067 1148 lautum

712 1179 1115 1260 vestemque,
1157 1179 1443 1242 mentem
1474 1194 1708 1257 puram
1752 1180 2180 1257 sanctamque
2227 1195 2373 1244 esse
2416 1185 2734 1263 oportere,
2778 1182 2847 1248 id
2896 1186 3070 1266 quod

713 1279 1050 1363 praeclaro
1109 1272 1365 1360 quoque
1421 1276 1536 1344 illo
1581 1277 1777 1343 titulo
1817 1277 1888 1342 in
1932 1277 2204 1345 aedibus
2247 1280 2577 1362 Epidauri
2619 1283 2940 1366 inscripto
2997 1285 3068 1351 in

714 1380 1089 1448 memoriam
1126 1379 1542 1447 adorantium
1584 1378 1946 1444 reducitur:
1984 1377 2192 1459 Ἅγνὸν
2218 1380 2336 1466 χρὴ
2366 1392 2551 1447 ναοῖο
2571 1383 2869 1461 θυώδεος
2896 1386 3070 1462 ἐντὸς

716 1482 889 1548 ι’όντα
926 1485 936 1568 Ι
974 1479 1239 1565 ἔμμεναι
1253 1501 1268 1516 ·
1308 1479 1522 1565 ἅγνείη
1567 1477 1627 1541 δ’
1671 1478 1810 1542 ἔστι
1837 1489 2097 1566 φρονεῖν
2138 1480 2288 1558 ὅσια
2303 1482 2347 1550 ².

880 1586 982 1651 De
1013 1584 1252 1650 ceteris
1283 1582 1540 1663 Perip
1561 1581 1922 1648 ateticis
1951 1601 2163 1664 pauca
2192 1583 2325 1650 dici
2346 1590 2637 1666 possunt.
2678 1588 2921 1654 Preces
2944 1589 3061 1653 im-

712 1688 1086 1771 probabant
1129 1688 1200 1751 et
1241 1684 1568 1753 sacrificia
1608 1684 2073 1769 repudiabant,
2116 1705 2259 1753 cum
2303 1686 2574 1754 inutilia
2617 1691 2872 1774 essent,
2918 1688 3060 1756 Ori-

713 1807 915 1876 genes
977 1807 1030 1855 o.
1098 1788 1261 1855 Cels.
1330 1787 1404 1854 II
1471 1788 1585 1854 13:
1665 1785 1847 1850 Ἀλλὰ
1924 1786 2035 1851 καὶ
2098 1788 2247 1864 τοὺς
2312 1786 2445 1853 ἀπὸ
2502 1799 2618 1853 τοῦ
2672 1792 3062 1875 Περιπάτου,

710 1885 908 1979 μηδὲν
949 1892 1317 1977 φάσκοντας
1352 1887 1564 1953 ἀνύειν
1607 1887 1798 1969 εὐχὰς
1838 1890 1951 1953 καὶ
1991 1890 2106 1966 τὰς
2148 1890 2241 1966 ὡς
2280 1890 2445 1977 πρὸς
2484 1889 2557 1955 τὸ
2591 1894 2781 1956 θεῖον
2806 1894 3066 1967 θυσίας.

714 1998 960 2063 Tamen
1004 1993 1238 2060 timore
1279 1993 1468 2076 vulgi
1515 1995 1834 2059 adductos
1862 1997 2169 2075 precatos
2208 2010 2353 2059 esse
2380 1993 2864 2076 Peripateticos
2893 1993 3068 2060 idem

712 2097 922 2165 refert
965 2096 1334 2179 Origenes⁸
1378 2115 1431 2162 c.
1467 2095 1634 2162 Cels.
1662 2095 1798 2161 VH
1826 2096 1940 2161 66:
1993 2094 2136 2158 Καὶ
2180 2093 2254 2157 οὗ
2296 2093 2493 2176 μόνον
2533 2093 2615 2158 τὸ
2660 2093 3069 2174 εὔχεσθαι

710 2208 891 2274 τοῖς
946 2197 1425 2282 ἀγάλμασιν
1487 2195 1742 2283 ἠλίθιόν
1785 2195 1957 2262 ἐστιν
2014 2198 2285 2282 (de-hoc
2344 2196 2675 2263 Heracliti
2740 2197 2918 2264 dicto
2986 2196 3069 2264 cf.

713 2314 916 2385 supra‘
935 2322 996 2384 p.
1018 2303 1101 2387 3),
1133 2299 1295 2366 ἀλλὰ
1322 2300 1446 2386 γὰρ
1467 2301 1578 2365 καὶ
1598 2299 1670 2365 τὸ
1696 2299 2329 2386 συμπεριφερόμενον
2354 2308 2495 2375 τοῖς
2522 2298 2796 2374 πολλοῖς
2822 2319 2931 2383 πρ
2947 2321 2983 2364 ο
2999 2320 3068 2364 σ-

713 2405 1172 2469 ποιεῖσθαι
1213 2414 1394 2481 τοῖς
1428 2402 1899 2485 ἀγάλμασιν
1943 2401 2363 2481 εὔχεσθαι,
2410 2400 2644 2466 ὁποῖον
2669 2411 2975 2466 ποιοῦσιν
3004 2398 3071 2466 οἱ

713 2506 794 2572 τὰ
835 2505 970 2571 ἀπὸ
1009 2516 1123 2570 τοῦ
1150 2508 1523 2591 Περιπάτου
1555 2503 2061 2590 φιλοσοφοῦντες
2101 2503 2214 2567 καὶ
2244 2503 2320 2568 οἱ
2361 2503 2455 2566 τὰ
2498 2502 2988 2589 Ἑπικούρου
3029 2500 3070 2586 ἢ

716 2612 1248 2694 Δημοκρίτου
1292 2606 1907 2688 ἀσπαζόμενοι·
1954 2604 2132 2669 οὐδὲν
2158 2605 2281 2690 γὰρ
2310 2605 2512 2669 νόθον
2539 2608 2660 2693 χρὴ
2692 2605 3071 2693 ἐνυπάρχειν

717 2709 785 2776 ἐν
825 2722 902 2796 τῇ
946 2721 1127 2795 ψυχῇ
1163 2719 1276 2773 τοῦ
1320 2708 1585 2795 ἀληθῶς
1628 2705 1722 2785 εἷς
1763 2708 1837 2773 τὸ
1880 2710 2071 2773 θεῖον
2107 2708 2415 2792 εὐσεβοῦς.
2505 2709 2805 2778 Eandem
2849 2711 3072 2778 fictam

718 2819 788 2882 et
843 2814 1220 2880 simulatam
1281 2831 1442 2895 erga
1500 2814 1693 2879 deum
1750 2812 2068 2894 pietatem
2110 2811 2506 2879 Plutarchus
2564 2831 2819 2894 quoque
2871 2813 2932 2878 E
2947 2833 2990 2895 p
3005 2813 3030 2879 i
3046 2850 3072 2862 -

717 2935 915 2985 curo
953 2915 1212 2983 crimini
1249 2916 1385 2998 dat,
1422 2934 1474 2981 c.
1507 2914 1693 2997 Epic.
1721 2915 1957 2982 beatit.
1986 2917 2066 2981 21
2099 2935 2159 2997 p.
2187 2915 2427 2981 1152ss
2458 2914 2671 3000 (Epic.
2692 2914 2774 2981 fr.
2807 2916 2893 2982 30
2912 2915 3074 3002 Us.).

718 3019 1047 3102 Obiurgat
1088 3017 1260 3084 enim
1303 3016 1668 3100 Epicurum
1726 3019 1809 3084 de
1867 3016 2088 3099 specie
2131 3016 2598 3100 venerationis,
2656 3036 2851 3099 quam
2907 3037 3074 3100 prae

718 3140 791 3187 se
819 3121 1097 3202 ferebat,
1142 3137 1406 3186 causam
1435 3119 1736 3186 timorem
1773 3118 1963 3203 vulgi
1992 3119 2302 3186 afferens:
2347 3118 2788 3203 ‘Ynonqivecac
2814 3120 2939 3206 γὰρ
2975 3119 3075 3185 εὖ·

719 3222 842 3303 χὰς
883 3222 994 3286 καὶ
1034 3221 1496 3307 προσκυνήσεις
1551 3219 1732 3285 οὐδὲν
1775 3219 2073 3302 δεόμενος
2114 3219 2225 3285 διὰ
2267 3221 2479 3307 φόβον
2518 3232 2645 3285 τῶν
2673 3222 2936 3286 πολλῶν
2963 3221 3075 3286 καὶ

719 3410 978 3479 quomodo
1022 3408 1260 3464 feminae
1305 3423 1365 3464 se
1397 3409 1674 3478 gesserint
1706 3414 1993 3477 precantes
2039 3409 2184 3477 apud
2229 3408 2473 3477 Xenoph.
2521 3408 2713 3464 Oecon.
2769 3409 2878 3465 VH
2914 3409 2947 3462 7
2991 3409 3074 3464 in-

718 3495 955 3552 venitur.
1025 3493 1370 3550 coniunctim
1405 3494 1638 3550 maritus
1671 3494 2053 3549 Ischomachus
2087 3498 2145 3548 et
2177 3509 2315 3548 uxor
2348 3494 2475 3549 deos
2509 3493 2822 3563 implorant.

895 3581 915 3613 ²
948 3580 1030 3636 Of.
1064 3581 1334 3635 Isocrates
1380 3574 1518 3647 πρὸς
1557 3578 1829 3631 Νικοκλέα
1877 3578 1980 3648 (ed.
2025 3578 2484 3647 Benseler·Blass)
2516 3579 2549 3633 I
2582 3580 2615 3646 ξ
2650 3578 2745 3635 2οε
2788 3576 2964 3649 ‘Hyoii
3015 3576 3074 3630 δὲ

719 3666 879 3733 θ’ὗμα
923 3666 1089 3717 τοῦτο
1135 3660 1423 3716 κάλλιπον
1462 3661 1603 3715 εἶναι
1648 3667 1738 3715 καὶ
1772 3664 2082 3732 θεραπείαν
2114 3666 2389 3729 μεγίστην,
2433 3659 2504 3714 ἂν
2538 3661 2611 3718 ὥς
2654 3660 2940 3729 βέλτιστον
2984 3668 3075 3716 καὶ

718 3748 1059 3803 δικαιότατον
1103 3748 1306 3803 σαυτὸν
1350 3751 1597 3818 παρέχῃς.
1665 3748 1809 3805 Plin.
1844 3750 2050 3819 Paneg.
2098 3765 2144 3804 c.
2178 3747 2239 3803 3:
2287 3745 2685 3804 Animadverto
2718 3748 2890 3804 etiam
2922 3748 3075 3805 Dm

718 3837 871 3907 ipsos
902 3852 1015 3892 non
1051 3838 1166 3891 tam
1187 3834 1465 3891 accim-atis
1500 3836 1618 3905 (hoe
1650 3835 1770 3904 ipso
1791 3835 1957 3891 verbo
1979 3834 2229 3890 anxietas
2262 3834 2373 3889 ista
2404 3833 2688 3904 religionis
2707 3835 3073 3890 Romanorum

719 3913 968 3992 apparet)
1001 3920 1362 3976 adorantium
1386 3920 1662 3991 precibus,
1709 3936 1873 3989 quam
1906 3919 2227 3975 innocentia
2274 3923 2330 3975 et
2369 3919 2661 3975 sanctitate
2696 3919 2913 3990 laetari,
2943 3934 3072 3990 yra-

722 4007 1018 4076 tiorcmquc
1050 4005 1369 4062 existimari
1401 4006 1497 4076 qui
1531 4005 1773 4064 delubris
1807 4021 1997 4061 corum
2021 4022 2233 4076 puram
2266 4008 2576 4074 castamque
2608 4008 2861 4073 mentem,
2909 4020 3072 4075 quam

722 4091 818 4164 qui
850 4091 1178 4147 meditatum
1212 4106 1434 4146 carmen
1468 4090 1742 4146 intulerit.

892 4176 919 4210 ¹
951 4177 1032 4232 Of.
1067 4178 1311 4245 Bernays
1344 4177 1382 4232 1.
1417 4192 1463 4233 ο.
1499 4192 1551 4245 p.
1588 4175 1821 4244 76—773
1859 4175 2151 4230 176-177.

895 4262 917 4296 ⁸
950 4262 1020 4319 H.
1054 4261 1281 4331 Usener,
1315 4259 1584 4331 Epicurea
1616 4277 1670 4331 p.
1706 4261 1825 4331 259,
1862 4260 1945 4316 14.
