3509 5067
4 540 19 589 ,ΞΠ

33 531 51 597 ΕἘΙ·
46 433 51 443 -

4 648 40 1013 aava&

532 353 597 439 ¹7]
670 319 679 328 ⁹
884 352 1109 407 Veteres
1143 351 1446 420 philosophi
1483 352 1744 419 quomodo
1779 352 2144 407 iudicaverint
2176 353 2243 408 de
2278 353 2527 422 precibus
2852 358 2888 420 7

534 523 756 607 ἀγαθά
800 520 934 587 ἐστι
955 523 997 583 1.
1103 523 1247 589 Non
1290 522 1614 589 interesse
1673 541 1985 606 magnum
2032 527 2231 604 atque
2276 523 2688 606 splendidum
2745 544 2893 592 esse

535 626 923 693 sacrificium
945 627 988 709 2,
1034 626 1150 692 sed
1190 627 1431 692 bonam
1460 629 1740 691 mentem
1776 630 1977 706 atque
2006 626 2412 693 voluntatem
2450 627 2892 694 sacrificantis

535 730 855 795 sinceram
876 729 918 794 3.
1044 727 1318 809 Semper
1370 729 1610 794 bonam
1684 734 1969 794 mentem
2027 728 2442 812 postulabat,
2518 749 2651 811 qua
2721 732 2894 798 bona

532 832 768 898 fierent
811 829 1023 911 facta;
1091 829 1590 897 reminiscamur
1647 830 1786 896 illis
1826 830 1988 913 ipsis
2046 831 2450 912 temporibus
2494 832 2893 918 Aeschylum

533 936 618 1001 ab
662 934 1112 1015 Aristophane
1173 932 1397 999 Cereri
1459 932 1940 1015 supplicantem
1997 933 2222 1000 induci
2279 933 2383 999 his
2425 934 2650 1003 verbis
2706 936 2895 1019 (Ran.

535 1036 886 1119 886—87):
950 1034 1254 1119 Δήμητερ,
1298 1033 1337 1116 ἡ
1384 1036 1700 1121 θρέψασα
1745 1033 1853 1119 τὴν
1896 1030 2047 1120 ἐμὴν
2090 1039 2312 1120 φρένα,
2367 1035 2377 1121 Ι
2416 1030 2584 1099 εἶναί
2637 1058 2721 1118 με
2770 1048 2896 1100 τῶν

535 1147 666 1200 σῶν
716 1135 899 1217 ἄξιον
938 1138 1295 1223 μυστηρίων
1313 1137 1356 1201 4.

704 1239 1012 1306 Socrates
1045 1239 1320 1306 multum
1349 1240 1752 1320 precabatur
1774 1241 1816 1305 ⁵.
1889 1239 2074 1305 Nihil
2114 1240 2276 1306 fecit
2306 1240 2449 1307 sine
2479 1239 2896 1307 invocatione

539 1345 820 1425 deorum,
859 1346 936 1408 ut
981 1343 1161 1425 apud
1202 1342 1703 1423 Xenophontem
1746 1341 2027 1424 legimus
2072 1341 2304 1409 Oecon.
2348 1342 2410 1408 V
2453 1342 2726 1426 19-20,
2770 1360 2896 1424 quo

535 1447 675 1511 loco
719 1445 1025 1511 Socrates
1071 1444 1251 1527 dicit,
1296 1444 1453 1525 quia
1496 1444 1603 1510 dei
1634 1448 1705 1509 et
1739 1444 2016 1510 bellicas
2062 1450 2131 1511 et
2160 1445 2446 1511 rusticas
2489 1463 2596 1511 res
2640 1450 2897 1528 regant,

535 1679 677 1735 θεὸν
693 1679 728 1733 ἃ
745 1679 896 1733 θέλει
913 1700 973 1732 τε
992 1684 1080 1732 καὶ
1099 1682 1247 1732 ἔστιν
1266 1681 1438 1735 αὐτός.
1476 1682 1797 1751 Apollonius
1818 1681 2120 1750 Tyanensis
2137 1682 2278 1737 hanc
2295 1682 2675 1752 precationem,
2696 1682 2897 1753 quippe

535 1782 674 1835 quae
707 1766 913 1836 optima
947 1772 1104 1836 esset,
1141 1767 1550 1823 commendabat
1586 1767 1866 1836 (Philostr.
1901 1783 1953 1823 v.
1978 1767 2081 1836 Ap.
2117 1767 2148 1821 I
2179 1767 2295 1838 11):
2322 1759 2390 1818 Ὦ
2421 1768 2564 1830 θεοί,
2600 1763 2780 1832 δοίητέ
2799 1787 2898 1833 μοι

534 1850 604 1920 ro}
637 1849 964 1920 ὀφειλόμενα
982 1871 995 1883 ·
1041 1848 1313 1920 ὀφείλεται
1345 1850 1451 1921 γάρ
1474 1871 1581 1903 που
1614 1894 1626 1908 .
1667 1895 1679 1907 .
1719 1894 1732 1907 .
1768 1866 1883 1906 τοῖς
1916 1854 2021 1916 μὲν
2054 1850 2223 1907 ὁσίοις
2268 1849 2508 1920 τάγαθά.
2580 1853 2661 1907 Cf.
2696 1852 2782 1908 IV
2814 1853 2898 1922 40,

535 1938 630 2007 20,
677 1954 783 2006 quo
826 1937 943 1992 loco
988 1938 1124 1993 dicit
1171 1953 1230 1993 se
1275 1942 1473 1993 cuncta
1525 1937 1582 1992 in
1643 1954 1811 1993 unam
1863 1938 2229 2007 precationem
2276 1938 2587 2007 complecti:
2635 1929 2701 1987 Ὦ
2750 1938 2896 1997 θεοί,

535 2018 713 2088 &olma
745 2041 843 2087 μοι
875 2021 946 2073 τὰ
979 2018 1317 2090 ὀφειλόμενα,

711 2108 732 2139 ²
767 2108 848 2163 Of.
873 2109 1058 2164 Valer.
1083 2109 1226 2163 Max.
1251 2109 1354 2176 (ed.
1379 2109 1614 2178 Kempf),
1652 2108 1748 2177 qui
1781 2114 2026 2164 nostrum
2051 2113 2266 2178 spectat
2300 2109 2475 2163 locum
2499 2109 2612 2165 VII
2633 2109 2668 2162 2
2702 2114 2813 2165 ext.
2840 2109 2898 2163 1:

540 2193 790 2248 Socrates
823 2193 1098 2247 humanae
1131 2193 1440 2262 sapientiae
1473 2192 1636 2262 quasi
1660 2192 1932 2262 quoddam
1968 2195 2225 2248 terrestre
2248 2193 2532 2247 oraculum
2568 2192 2713 2248 nihil
2746 2193 2899 2248 ultra

533 2278 828 2348 petendum
864 2294 901 2332 a
935 2278 1022 2333 dis
1057 2278 1465 2333 immortalibus
1498 2278 1886 2333 arbitrabatur
1919 2295 2101 2347 quam,
2136 2282 2205 2333 ut
2239 2278 2379 2333 bona
2415 2278 2733 2347 tribuerent,
2767 2279 2903 2347 ‘quia

538 2362 586 2418 iz·
623 2362 840 2418 demum
873 2363 1095 2433 scirent,
1131 2363 1265 2432 quid
1297 2363 1594 2433 uuicuique
1629 2367 1769 2419 esset
1798 2364 1950 2420 utile.

712 2448 736 2481 ²
771 2449 851 2504 Cf.
887 2449 1132 2517 Xenoph.
1169 2449 1361 2505 Oecon.
1397 2450 1480 2503 XI
1511 2450 1691 2519 5sqq.,
1729 2464 1835 2518 quo
1868 2450 1983 2504 loco
2018 2455 2366 2519 permutatur
2398 2449 2558 2505 ratio.

714 2534 737 2565 ³
771 2535 853 2588 Cf.
871 2535 1009 2600 Xen.
1029 2535 1186 2589 Mem.
1205 2535 1235 2588 I
1251 2535 1336 2587 33.
1376 2535 1494 2588 Hoc
1517 2535 1632 2589 loco
1648 2535 1894 2604 genuina
1920 2534 2156 2590 Socratis
2174 2534 2451 2589 sententia
2466 2534 2621 2589 nobis
2646 2534 2897 2590 occurrit.

540 2620 691 2687 Quae
734 2618 935 2675 ibidem
972 2619 1001 2673 I
1034 2619 1085 2689 4,
1125 2619 1216 2688 18;
1264 2618 1326 2673 II
1362 2618 1411 2688 1,
1447 2618 1517 2674 28
1529 2640 1544 2687 ;
1589 2619 1672 2675 IV
1699 2619 1750 2689 3,
1801 2619 1866 2674 17
1915 2620 2254 2690 referuntur,
2302 2619 2481 2689 magis
2525 2619 2900 2688 Xenophontis

541 2721 703 2772 qnam
739 2704 974 2759 Socratis
1008 2708 1154 2774 sunt,
1191 2721 1246 2760 v.
1279 2704 1401 2759 Joel
1434 2705 1471 2759 1.
1508 2720 1552 2760 c.
1589 2705 1620 2759 I
1653 2722 1705 2773 p.
1741 2704 1827 2774 94,
1862 2705 1930 2759 97
1944 2720 2058 2773 sqq.

639 2855 649 2863 ,
709 2790 736 2823 ⁴
770 2790 851 2844 Of.
887 2790 1071 2845 Bruns
1105 2789 1232 2843 Das
1268 2789 1505 2844 litterar.
1540 2788 1777 2844 Portriit
1808 2789 1907 2843 der
1946 2789 2215 2845 Grieehen
2248 2807 2300 2859 p.
2338 2789 2453 2845 165.

712 2874 737 2907 ⁶
771 2876 854 2931 Cf.
889 2876 1065 2945 Plato,
1102 2875 1284 2945 Symp.
1319 2875 1512 2930 220D:
1556 2874 1612 2927 Ὁ
1657 2872 1716 2926 δὲ
1749 2872 1975 2940 εἱστήκει
2020 2877 2175 2943 μέχρι
2228 2876 2325 2929 ἕως
2372 2875 2585 2944 ἐγένετο
2633 2874 2721 2928 καὶ
2759 2872 2904 2939 ἣλιος

540 2960 780 3023 ἀνέσχεν.
805 2958 971 3012 ἔπειτ’
993 2957 1158 3023 εὔχετ’
1178 2957 1358 3012 ἀπιὼν
1385 2958 1818 3029 προσευξάμενος
1845 2960 1928 3024 τῷ
1956 2956 2105 3025 ἡλίῳ.
2160 2960 2266 3028 Qui
2283 2960 2501 3029 quidem
2523 2976 2636 3016 mos
2656 2961 2903 3016 omnibus

544 3045 842 3101 communis
859 3052 994 3115 erat,
1014 3046 1082 3102 cf.
1100 3046 1245 3102 Plat.
1264 3046 1415 3117 legg.
1438 3045 1540 3101 887
1550 3047 1613 3102 E.
1648 3046 1838 3115 Neque
1856 3050 2058 3115 tamen,
2083 3045 2337 3114 quamvis
2352 3045 2601 3102 sublimis
2624 3052 2793 3115 atque
2811 3061 2903 3102 ex-

543 3132 688 3187 celsa
720 3131 891 3186 fuisse
913 3131 1170 3187 videatur
1191 3131 1427 3186 Socratis
1450 3132 1706 3202 precatio,
1736 3148 1836 3187 nos
1860 3131 2092 3202 effugiet
2113 3136 2172 3188 et
2205 3147 2327 3187 eam
2350 3137 2409 3189 et
2431 3131 2634 3187 multas
2672 3132 2902 3187 aliorum

541 3216 978 3286 philosophorum
1012 3232 1214 3286 preces»,
1250 3216 1381 3285 quia
1413 3217 1724 3287 generatim
1772 3222 1832 3273 et
1876 3217 1937 3272 in
1981 3216 2298 3273 universum
2344 3218 2471 3272 deos
2517 3215 2902 3287 implorabant,

542 3301 778 3373 singulis
813 3302 1010 3371 quibus
1051 3303 1497 3372 opprimebantur
1542 3302 1689 3359 curis
1733 3308 1793 3359 et
1838 3302 2293 3359 sollicitudinibus
2338 3318 2447 3358 non
2493 3302 2903 3359 communicatis

542 3404 666 3443 cum
715 3388 828 3457 dis,
881 3388 1036 3457 quasi
1096 3405 1206 3444 non
1263 3382 1502 3457 ipsorum
1558 3389 1806 3458 proprias
1862 3388 2060 3457 fuisse,
2118 3388 2241 3458 sed,
2311 3396 2377 3443 ut
2421 3388 2505 3443 ita
2548 3387 2724 3442 dicam
2744 3431 2757 3458 ,
2803 3388 2903 3443 im-

543 3474 849 3542 personales
894 3480 952 3530 et
991 3474 1328 3544 proprietate
1373 3482 1638 3530 carentes.
1733 3475 1849 3542 Quo
1884 3474 1952 3529 de
1993 3473 2149 3543 vitio,
2197 3489 2304 3543 qno
2349 3472 2675 3529 laborabant
2719 3489 2904 3543 preces

543 3558 997 3629 philosophorum,
1047 3560 1115 3616 cf.
1161 3560 1200 3616 J
1200 3560 1283 3615 oel
1317 3561 1348 3614 I
1391 3576 1444 3630 p.
1486 3559 1581 3614 91:
1661 3559 1839 3615 Wevm
1883 3576 1944 3615 er
1985 3555 2277 3629 (Socrates)
2332 3558 2514 3625 betete,
2569 3558 2669 3613 bat
2711 3576 2771 3613 er
2814 3558 2904 3613 die

550 3643 747 3700 G'b‘tter
779 3643 1033 3715 „cinfach
1067 3661 1165 3699 um
1210 3644 1313 3699 dae
1351 3645 1544 3701 G'ute“.
1617 3688 1630 3700 .
1667 3689 1679 3700 .
1720 3689 1732 3701 .
1780 3645 1960 3701 Weuu
2005 3644 2093 3699 die
2137 3644 2464 3699 beeondereu
2509 3643 2779 3699 Waneche
2822 3645 2903 3700 im
2987 3633 2992 3638 ’

551 3728 723 3785 Gebet
753 3728 1030 3801 weyfielen,
1066 3745 1127 3784 80
1159 3730 1319 3799 fiele‘n
1346 3731 1415 3800 ja
1447 3730 1588 3785 wohl
1623 3730 1711 3786 die
1745 3729 2075 3785 besonderen
2098 3728 2476 3799 personlichen
2511 3728 2746 3785 Anlasse
2776 3746 2902 3784 zum

552 3814 724 3871 Gebet
758 3831 870 3885 wey
914 3814 1032 3869 wml
1076 3832 1188 3871 mor
1233 3814 1322 3870 die
1366 3815 1722 3887 allqemeiuen
1757 3815 1978 3871 bliebeu.
2052 3856 2065 3870 .
2101 3858 2115 3871 .
2153 3858 2166 3871 .
2201 3813 2578 3884 Euthydems
2623 3813 2725 3869 hat
2762 3829 2903 3886 qauz

544 3900 735 3970 Reckt,
765 3909 928 3955 ‘wenn
961 3917 1022 3956 er
1042 3900 1185 3956 nach
1206 3901 1692 3957 Keuntnieuahme
1724 3900 1823 3955 der
1845 3900 2230 3957 Sokratischen
2252 3900 2472 3955 Lehren
2494 3902 2631 3971 eaqt,
2666 3916 2727 3955 er
2747 3900 2905 3955 wiese

544 3986 715 4057 nicht,
738 4002 854 4042 was
875 4003 934 4042 er
955 3986 1072 4042 sich
1094 4004 1200 4043 von
1224 3986 1328 4042 den
1355 3986 1592 4042 Gb‘ttem
1613 3986 1849 4041 erbitteu
1869 3985 2015 4042 colle.
2083 4028 2096 4042 .
2123 4029 2136 4042 .
2163 4030 2176 4043 .
2200 3985 2313 4042 Die
2340 3984 2657 4056 allgemeine
2678 3985 2905 4041 Formel

544 4074 627 4127 im
666 4071 837 4129 Gebet
866 4075 1008 4129 statt
1038 4073 1136 4127 der
1170 4071 1494 4128 besondcren
1538 4070 1809 4128 aneche
1831 4102 1900 4111 —-
1924 4071 2025 4126 das
2059 4070 2306 4127 bedeutet
2336 4087 2488 4126 zwar
2522 4070 2640 4126 eine
2673 4070 2904 4128 ethieche

546 4158 841 4230 Erhebtmy
874 4158 972 4215 der
1012 4158 1275 4228 Gottheit,
1311 4158 1444 4213 aber
1477 4159 1597 4214 eine
1640 4156 2084 4229 Verfiu’chtiyuny
2131 4157 2225 4213 des
2256 4158 2495 4213 intensiva
2520 4158 2904 4227 peremicheu

549 4243 878 4300 Charakters
911 4244 1014 4300 dee·
1044 4243 1256 4300 Gebets.
1325 4244 1439 4299 Die
1467 4243 1719 4300 Gotthcit
1747 4242 1893 4299 wird
1913 4237 2042 4299 sehr
2054 4246 2192 4315 yross
2210 4242 2384 4298 durch
2407 4242 2551 4299 dieue
2572 4243 2904 4299 sokratieche

546 4328 688 4402 Ideo,
725 4328 854 4385 aber
886 4346 1013 4385 zum
1035 4329 1223 4399 Kiiniy
1256 4328 1465 4386 kommt
1497 4344 1632 4384 man
1667 4328 1893 4385 seltener
1928 4328 2015 4385 als
2046 4345 2174 4384 zum
2207 4328 2387 4386 Vater.
2459 4328 2540 4384 cf.
2575 4328 2705 4386 ibid.
2743 4345 2794 4400 p.
2815 4328 2902 4386 97.
