3509 5067
471 377 577 465 13]
818 377 1044 432 Veteres
1078 374 1382 444 philosophi
1415 374 1679 443 quomodo
1712 373 2077 431 iudicaverint
2111 376 2179 431 de
2213 334 2464 444 precibus
2750 379 2834 446 13

469 557 665 630 quam
707 547 1110 615 sententiam
1139 546 1457 628 exemplis
1487 544 1946 630 mythologicis
1980 547 2387 614 demonstrat
2415 547 2567 633 (931
2583 548 2685 635 B).
2741 549 2836 616 Et

467 651 686 733 paullo
714 648 891 717 infra
918 648 1201 732 legimus
1229 648 1356 714 931
1375 647 1470 714 E:
1514 655 1655 725 Πᾶς
1690 644 1770 732 δὴ
1797 657 1946 711 νοῦν
1979 643 2146 728 ἔχων
2180 651 2485 736 φοβεῖται
2526 650 2637 716 καὶ
2677 660 2835 737 τιμᾷ

467 755 701 833 γονέων
739 751 944 834 εὐχάς,
989 746 1178 827 εἰδὼς
1218 748 1489 827 πολλοῖς
1544 748 1657 813 καὶ
1707 749 2025 828 πολλάκις
2066 748 2383 828 ἐπιτελεῖς
2423 754 2768 836 γενομένας
2786 754 2831 815 ¹.

638 889 941 956 Platonis
970 887 1279 955 honestas
1326 892 1393 954 et
1421 888 1805 969 praeclaras
1833 889 1915 954 de
1944 888 2436 970 precationibus
2463 890 2833 957 sententias

466 990 873 1074 perscrutati
916 989 1268 1057 emiramur
1325 1007 1472 1056 eum
1531 993 1609 1056 ut
1666 990 1771 1056 ita
1830 989 2047 1056 dicam
2098 990 2388 1057 ieiunum
2447 990 2520 1056 in
2576 993 2831 1059 modum

466 1112 700 1176 preces
730 1092 1078 1175 explicare.
1151 1090 1576 1158 Definiuntur
1605 1091 1776 1158 enim
1806 1092 1983 1175 legg.
2012 1092 2138 1158 801
2156 1095 2249 1157 A:
2291 1091 2392 1169 ’.Ως
2434 1090 2618 1173 εὐχαὶ
2650 1093 2834 1178 παρὰ

467 1198 650 1259 θεῶν
704 1194 984 1281 αἰτήσεις
1042 1189 1201 1258 εἰσιν
1256 1192 1363 1278 (cf.
1407 1192 1604 1260 Polit.
1664 1193 1794 1260 290
1810 1194 1949 1279 OD)
1965 1243 1981 1276 ‚
2040 1194 2279 1276 quibus
2336 1195 2560 1262 verbis
2611 1195 2833 1262 nullus

471 1297 674 1364 animi
729 1300 929 1365 ardor
981 1302 1282 1380 apparet,
1339 1296 1536 1363 immo
1591 1295 1719 1363 hac
1762 1295 2213 1378 precationum
2271 1296 2655 1365 definitione
2696 1299 2833 1365 Eu-

471 1400 868 1485 thyphronis
910 1398 1247 1466 sententia
1292 1418 1335 1465 a
1375 1398 1650 1465 Socrate
1694 1398 1950 1464 reiecta
1992 1398 2064 1464 in
2107 1399 2485 1467 memoriam
2514 1400 2703 1467 nobis
2732 1420 2833 1467 re·

466 1502 748 1585 ducitur,
781 1501 893 1584 qui
916 1502 1216 1568 declarat
1236 1500 1632 1586 (Euthyphr.
1659 1502 1741 1566 14
1761 1498 1866 1585 C):
1895 1498 2245 1588 Ἐπιστήμη
2270 1546 2286 1563 .
2314 1547 2328 1562 .
2358 1548 2372 1563 .
2397 1497 2705 1588 αἰτήσεως
2723 1504 2836 1567 καὶ

471 1601 715 1681 δόσεως
740 1606 931 1680 θεοῖς
960 1604 1053 1688 (id
1086 1607 1188 1670 est
1213 1612 1329 1666 τοῦ
1355 1601 1664 1683 εὔχεσθαί
1681 1624 1752 1666 τε
1779 1602 1893 1666 καὶ
1920 1603 2128 1690 θύειν)
2158 1600 2410 1690 ὁσιότης
2437 1604 2516 1669 ἂν
2544 1602 2658 1692 ε’ίη.
2708 1606 2835 1674 Vel

470 1707 548 1773 ut
575 1705 881 1774 Socrates
910 1725 1032 1789 per
1051 1704 1409 1772 ludibrium
1438 1704 1604 1771 dicit
1632 1703 1741 1790 (14
1756 1704 1874 1790 E):
1919 1703 2268 1792 Ἐμπορικὴ
2312 1704 2440 1792 ἄρα
2466 1729 2567 1784 τις
2607 1707 2686 1772 ἂν
2714 1707 2832 1795 εἴη,

468 1802 522 1870 ὦ
560 1807 941 1895 Εὕθυφρον,
982 1811 1164 1894 τέχνη
1192 1805 1230 1891 ἧ
1262 1805 1518 1893 ὁσιότης
1543 1809 1734 1883 θεοῖς
1776 1806 1887 1870 καὶ
1916 1805 2307 1888 ἀνθρώποις
2332 1807 2494 1895 παρ’
2524 1808 2828 1897 ἀλλήλων.

641 1928 993 2010 Reliquum
1018 1932 1136 2011 est,
1168 1933 1246 1994 ut
1269 1926 1588 1994 nonnulla
1611 1926 1748 1993 alia
1769 1928 2024 2010 addam,
2052 1926 2213 1994 licet
2235 1930 2321 1995 ad
2347 1928 2831 2014 intellegendas

467 2032 550 2098 de
590 2030 1083 2115 precationibus
1127 2030 1465 2113 opiniones
1518 2030 1824 2097 Platonis
1868 2030 2101 2097 summi
2145 2031 2456 2098 momenti
2498 2051 2630 2099 non
2674 2033 2831 2100 sint.

468 2134 626 2200 Cum
651 2135 733 2200 de
756 2132 1015 2201 difficili
1040 2142 1110 2200 et
1128 2134 1406 2200 obscura
1423 2132 1652 2214 aliqua
1674 2132 2062 2215 quaestione
2084 2132 2424 2215 disputare
2444 2134 2613 2218 vult,
2633 2153 2830 2217 saepe

468 2235 729 2303 initium
776 2235 961 2319 capit
1002 2254 1084 2302 ex
1126 2234 1543 2304 invocatione
1589 2238 1858 2302 deorum
1879 2234 1923 2320 ²,
1966 2254 2022 2301 e.
2060 2253 2122 2318 g.
2159 2235 2326 2301 Tim.
2367 2237 2451 2301 27
2468 2235 2543 2301 C:
2579 2233 2737 2300 Ἀλλ’
2775 2229 2829 2297 ὦ

463 2468 658 2540 ἄλλοις,
682 2468 1007 2528 δικαιότατα.
1042 2470 1118 2538 μὴ
1143 2468 1208 2538 δή
1231 2491 1311 2526 τις
1333 2470 1716 2537 ἀτιμαζομένῳ
1745 2473 1851 2537 μὲν
1874 2468 2237 2542 διαφερόντως
2258 2476 2428 2543 πατρὶ
2449 2468 2586 2544 πρὸς
2619 2469 2829 2525 παίδων

462 2560 552 2608 καὶ
573 2556 738 2627 μητρὶ
755 2557 896 2610 θεὸν
913 2556 1152 2621 ἐπήκοον
1167 2557 1266 2628 [ἐν,
1286 2558 1389 2613 del.
1407 2557 1707 2628 Hermann]
1726 2555 1904 2619 εὐχαῖς
1926 2556 2166 2625 ἡγείσθω
2185 2558 2473 2628 γίγνεσθαι
2490 2555 2629 2609 κατὰ
2650 2557 2829 2627 φύσιν,

462 2644 757 2708 τιμωμένῳ
789 2638 848 2693 δὲ
883 2639 993 2712 ἄρα
1028 2645 1116 2693 καὶ
1150 2654 1438 2711 περιχαρεῖ
1466 2637 1675 2711 σφόδρα
1714 2644 2013 2713 γενομένῳ,
2047 2645 2139 2693 καὶ
2172 2639 2259 2694 διὰ
2292 2641 2361 2695 τὰ
2394 2644 2620 2695 τοιαῦτα
2654 2641 2830 2707 εὐχαῖς

462 2724 700 2795 λιπαρῶς
722 2729 796 2783 εἰς
823 2726 1011 2794 ἀγαθὰ
1032 2741 1146 2783 τοῖς
1167 2731 1324 2779 παισὶ
1345 2724 1782 2797 παρακαλοῦντες
1807 2727 1993 2788 θεούς,
2019 2726 2118 2780 οὐκ
2142 2725 2249 2797 ἄρα
2272 2726 2341 2780 τὰ
2362 2728 2589 2781 τοιαῦτα
2612 2728 2830 2781 α’κοῦειν

463 2811 521 2872 ἐξ
549 2814 670 2865 ’ίσου
703 2817 795 2865 καὶ
828 2815 1014 2876 νέμειν
1049 2812 1180 2878 ἡμῖν
1203 2811 1396 2868 αὐτοὺς
1418 2812 1774 2881 ἦγησό,ιιεθα,·
1810 2814 1892 2869 Cf.
1917 2813 2017 2868 931
2033 2814 2113 2869 D:
2157 2810 2263 2868 Οὓς
2296 2814 2432 2884 (scil.
2466 2816 2706 2884 πατέρας
2738 2818 2830 2865 καὶ

462 2900 714 2966 μητέρας)
738 2896 876 2951 ὅταν
898 2895 1096 2967 ἀγάλλῃ
1119 2918 1200 2952 τις
1222 2911 1419 2965 τιμαῖς,
1452 2899 1691 2967 γέγηθεν
1713 2898 1746 2951 ὖ
1771 2898 1905 2953 θεός
1919 2913 1931 2928 ·
1958 2897 2023 2951 οὗ
2056 2897 2161 2967 γὰρ
2185 2895 2256 2950 ἂν
2277 2898 2503 2964 ἐπήκοος
2524 2894 2595 2965 ἦν
2628 2898 2826 2957 αὐτῶν.

463 2983 544 3040 Cf.
569 2984 669 3038 931
683 2984 749 3040 E.
773 3014 842 3025 —
867 2983 996 3041 Vim
1019 2989 1079 3040 et
1101 2984 1452 3040 efficientiam
1473 2984 1927 3054 imprecationum
1948 2990 2238 3054 parentum
2260 2986 2362 3040 hoe
2396 2985 2552 3041 modo
2585 2986 2830 3041 declarat

464 3070 870 3139 Theophrastus
894 3070 1214 3126 Paracelsus
1238 3070 1343 3140 (ed.
1361 3070 1716 3140 Argentorat.
1738 3068 1922 3140 1603):
1961 3069 2095 3126 Was
2108 3069 2426 3141 inbriimtiy
2443 3069 2655 3141 beqehrt
2671 3070 2826 3140 wir-d,

391 3188 395 3191 >
462 3154 542 3209 ist
571 3155 725 3210 walvr
769 3154 888 3209 und
933 3155 1075 3210 wird
1119 3155 1382 3211 wirklich.
1464 3155 1691 3210 Damam
1736 3154 1974 3222 erfio‘llen
2019 3154 2136 3210 sich
2182 3154 2272 3210 die
2316 3154 2540 3223 Flic'che,
2587 3155 2675 3211 die
2721 3172 2827 3212 von

460 3239 677 3295 Herzen
693 3240 957 3308 hommem,
974 3257 1034 3297 εο
1051 3239 1141 3296 die
1166 3239 1331 3295 Vater
1346 3239 1465 3295 und
1481 3239 1944 3298 Μαῆεν-Εῑιῖεῆε.
1965 3240 2188 3297 IdemII
2204 3258 2256 3310 p.
2270 3241 2400 3295 274:
2420 3240 2540 3295 Ein
2552 3241 2827 3311 qemeina·

461 3325 644 3380 Fluch
674 3325 816 3381 wird
846 3326 1225 3397 qemeiniqlich
1258 3325 1444 3381 wahr:
1476 3342 1692 3381 warum
1706 3328 1733 3381 ἓ
1769 3343 1829 3381 er
1856 3326 2014 3398 ychet
2042 3342 2150 3382 von
2171 3327 2421 3382 Hersen:
2452 3326 2572 3381 und
2604 3327 2670 3381 in
2704 3326 2826 3382 dem

461 3411 1028 3467 von-Herzen·Gehen
1074 3412 1206 3483 lieyt
1248 3411 1366 3467 und
1407 3410 1617 3482 gebiert
1659 3411 1780 3466 sich
1826 3411 1923 3466 der
1970 3412 2187 3467 Saame.
2266 3412 2399 3466 Also
2444 3411 2589 3467 auch
2633 3412 2823 3469 Vater-

461 3495 580 3549 und
613 3495 1064 3552 Mutter-Flvzche
1093 3496 1264 3567 ychen
1297 3497 1415 3552 also
1449 3512 1557 3552 von
1592 3498 1829 3553 Hersen.
1911 3498 2114 3552 Locum
2149 3498 2527 3567 suppeditavit
2559 3498 2825 3567 Schopen-

463 3581 636 3635 hauer
679 3581 785 3645 (ed.
822 3581 1168 3652 Griesebach)
1201 3583 1293 3638 III
1325 3599 1378 3652 p.
1402 3582 1522 3638 314.

641 3666 661 3699 ¹
694 3667 832 3721 Cum
865 3666 954 3721 his
987 3667 1237 3722 Platonis
1270 3668 1339 3723 de
1381 3668 1591 3738 pietate
1637 3683 1774 3737 erga
1821 3672 2078 3737 parentes
2125 3667 2287 3723 dictis
2321 3671 2381 3722 et
2424 3666 2485 3722 vi
2518 3665 2826 3734 effectuque

457 3750 786 3819 precationis
809 3759 868 3806 et
901 3752 1289 3807 exsecrationis
1312 3753 1380 3807 cf.
1409 3753 1657 3822 Xenoph.
1681 3768 1839 3808 mem.
1863 3752 1924 3807 H
1946 3753 1997 3822 2,
2035 3768 2142 3821 quo
2165 3752 2280 3808 loco
2310 3751 2557 3807 Socrates
2592 3751 2824 3806 similem

458 3837 520 3892 in
553 3837 769 3892 modum
807 3835 1178 3905 quaestionem
1213 3841 1436 3893 tractat.

633 3920 657 3954 ⁹
691 3922 774 3977 Cf.
809 3921 950 3977 Tim.
993 3921 1211 3991 48DE3
1259 3922 1376 3978 Pol.
1410 3922 1599 3992 43203
1654 3921 1900 3991 Euthyd.
1947 3922 2140 3992 275D3
2195 3922 2372 3993 Legg.
2418 3922 2597 3991 8923,
2646 3921 2822 3993 712ss,

460 4007 645 4076 88703
694 4006 829 4062 Grit.
877 4006 1049 4077 1080,
1097 4006 1287 4077 106133
1332 4006 1543 4062 Phileb.
1591 4007 1740 4077 1203
1788 4007 2036 4076 Epinom.
2084 4023 2137 4077 p.
2184 4008 2304 4078 352,
2340 4007 2411 4062 10
2442 4007 2676 4063 Bekker.
2745 4008 2826 4063 Ut

458 4091 761 4162 philosophi
794 4092 1138 4148 invocatione
1174 4092 1396 4148 deorum
1431 4092 1514 4148 ita
1548 4098 1792 4148 oratores
1828 4107 2042 4161 quoque
2076 4108 2237 4161 saepe
2271 4092 2515 4162 publicas
2549 4092 2825 4162 incipiunt

461 4177 747 4248 orationes,
783 4194 831 4235 e.
865 4194 922 4248 g.
959 4178 1238 4234 Demosth.
1286 4180 1354 4234 de
1400 4194 1579 4234 coron.
1615 4178 1663 4233 1.
1745 4178 1829 4233 cf.
1877 4179 2154 4234 Plutarch.
2191 4179 2315 4234 Per.
2347 4178 2398 4248 8,
2428 4178 2562 4234 Mor.
2596 4178 2820 4248 804sq.;

459 4262 527 4317 cf.
574 4263 639 4318 E.
674 4279 728 4319 v.
763 4263 1007 4319 Lasaulx
1040 4262 1200 4319 Stud.
1236 4262 1287 4319 d.
1323 4263 1485 4319 Ιιῖαεε.
1521 4262 1635 4320 Alt.
1682 4280 1736 4335 p.
1786 4264 1903 4334 150,
1955 4280 2082 4320 ann.
2128 4264 2214 4319 64.
2294 4264 2634 4333 Frequenter
2685 4264 2823 4320 Neo-

457 4347 728 4404 Platonioi
791 4365 1002 4418 quoque
1053 4354 1156 4404 aut
1211 4350 1432 4406 exordio
1477 4349 1604 4405 libri
1656 4354 1757 4405 aut
1825 4366 1949 4406 cum
2001 4365 2115 4406 rem
2171 4349 2602 4420 aggrediuntur,
2659 4350 2821 4405 deum
