3509 5067
531 397 640 487 21]
881 398 1108 452 Veteres
1143 395 1446 465 philosophi
1482 396 1742 463 quomodo
1776 395 2144 452 iudicaverint
2178 397 2245 451 de
2278 397 2528 466 precibus
2807 400 2886 465 21

534 570 889 657 φθέγγεται
930 565 1154 652 φωνὰς
1197 565 1488 642 ’ἐναντίας
1533 562 1632 643 οῖς
1674 566 2029 654 φιλοσοφεῖ
2047 567 2093 629 ¹.
2195 567 2326 631 Καὶ
2382 570 2567 631 θύων
2624 567 2741 650 μὲν
2802 566 2892 644 ὣς

528 672 814 757 μαγείρῳ
861 672 1223 755 παρέστηκε
1263 678 1361 752 τῷ.
1398 668 1558 755 ἱερεῖ
1598 671 1965 756 σφάττοντι,
2009 671 2226 745 θύσας
2269 668 2340 735 δὲ
2405 668 2632 735 ἄπεισι
2688 670 2891 755 λέγων

528 772 600 837 τὸ
630 770 1056 858 Μενάνδρειον
1087 767 1320 856 ,ἔθυον
1349 769 1425 835 οὗ
1453 774 1886 857 προσέχουσιν
1915 769 2100 836 οὐδέν
2125 794 2243 854 μοι
2270 774 2518 848 θεοῖς“.
2567 772 2737 837 οὕτω
2769 772 2892 857 γὰρ

528 875 908 959 Ἐπίκουρος
947 872 1154 938 οἴεται
1180 872 1313 937 δεῖν
1357 872 1868 960 σχηματίζεσθαι
1909 873 2022 937 καὶ
2061 873 2149 959 μὴ
2195 876 2471 960 φθονεῖν
2496 874 2646 962 μηδ’
2690 873 2891 955 ἀπεχ-

526 980 856 1043 θάνεσθαι
895 987 1032 1066 τοῖς
1087 975 1374 1052 πολλοῖς.
1478 977 1780 1060 Denique
1841 977 1886 1044 S
1906 996 2002 1044 en
2020 997 2055 1043 e
2073 996 2217 1044 cae
2260 978 2432 1044 idem
2475 976 2731 1044 crimini
2774 981 2891 1045 dat

531 1081 959 1165 Augustinus,
1028 1081 1109 1146 de
1154 1078 1275 1147 civ.
1314 1079 1444 1147 Dei
1487 1080 1587 1146 VI
1630 1099 1682 1146 c.
1727 1080 1826 1146 10.
1914 1080 2039 1146 Vir
2083 1079 2257 1147 enim
2302 1080 2584 1146 callidus
2631 1082 2718 1146 ad
2761 1099 2891 1147 om-

529 1184 643 1250 nia
686 1182 1049 1266 versatiliS,
1093 1200 1177 1247 ne
1220 1181 1418 1249 ullius
1457 1182 1739 1249 hominis
1785 1181 2073 1248 animum
2117 1201 2160 1248 a
2202 1200 2278 1248 se
2321 1183 2680 1266 abalienet,
2740 1202 2889 1264 ope-

529 1305 669 1352 ram
738 1288 856 1352 dat
914 1284 1017 1370 (fr.
1076 1286 1160 1351 38
1204 1283 1487 1370 Haase):
1570 1284 1658 1348 In
1714 1284 1811 1348 his
1866 1286 2068 1349 sacris
2133 1285 2327 1349 civilis
2394 1284 2720 1370 theologiae
2779 1285 2890 1349 has

524 1395 734 1470 partes
783 1389 998 1469 potius
1053 1388 1228 1472 eleqit
1289 1386 1517 1450 Seneca
1577 1388 1861 1470 sapienti,
1922 1394 1993 1450 ut
2048 1406 2155 1451 eas
2209 1388 2281 1450 in
2346 1388 2547 1451 animi
2600 1388 2894 1472 religione

530 1510 653 1555 non
697 1490 929 1574 habeat,
968 1489 1079 1553 sed
1119 1492 1190 1554 in
1233 1489 1471 1554 actibus
1507 1488 1726 1574 finqat.
1770 1491 1862 1553 ait
1904 1490 2097 1555 enim:
2152 1489 2345 1569 ‘Quae
2398 1491 2608 1554 omnia
2649 1491 2894 1571 sapiens

527 1592 792 1657 servabit
822 1597 1141 1676 tamquam
1175 1592 1411 1673 Zeyibus
1435 1594 1631 1675 iussa,
1675 1610 1802 1655 non
1837 1596 2156 1675 tamquam
2188 1591 2309 1655 diis
2338 1593 2558 1673 prata!
2646 1592 2892 1659 Verum

530 1699 662 1779 est,
736 1697 908 1775 quod
990 1693 1161 1759 dixit
1248 1695 1327 1759 A.
1399 1693 1785 1760 Bonhoef
1791 1692 1827 1759 f
1830 1712 1917 1759 er
1987 1691 2113 1757 Die
2178 1692 2378 1757 Ethilc
2447 1694 2557 1758 des
2622 1694 2895 1759 Stoikers

526 1796 777 1879 Epictet
816 1816 880 1878 p.
925 1797 1039 1862 84:
1098 1795 1199 1859 Er
1239 1796 1476 1877 spricht
1520 1795 1657 1860 dem
1715 1794 1959 1860 Kultus
2002 1797 2123 1861 alle
2163 1797 2381 1860 innere
2434 1785 2754 1861 Wahrheit
2795 1798 2889 1862 ab.

529 1901 778 1966 Tamen
837 1918 910 1966 se
980 1899 1189 1966 cultui
1259 1900 1622 1966 adhaerere
1695 1899 1997 1977 simulat,
2063 1900 2297 1984 fragm.
2352 1900 2437 1965 39
2458 1899 2571 1966 H.:
2637 1899 2892 1964 Omnem

526 2003 712 2067 istam
767 2002 1093 2088 iqnobilem
1147 2001 1402 2066 deorum
1453 2002 1704 2067 turbam
1772 2022 1961 2087 quam
2030 2002 2209 2084 lonyo
2264 2022 2408 2067 aevo
2467 2003 2653 2085 lonya
2705 2023 2910 2085 super-

526 2106 689 2169 stitio
746 2107 1066 2189 conpressit,
1110 2107 1218 2189 sic,
1274 2106 1500 2189 inquit,
1558 2105 1979 2189 adorabimuS,
2040 2113 2111 2169 ut
2151 2107 2613 2170 meminerimus
2655 2107 2889 2170 cultum

529 2210 662 2273 eius
704 2210 909 2293 mayis
949 2208 1039 2279 ad
1072 2227 1303 2272 morem
1361 2228 1552 2292 quam
1614 2208 1702 2272 ad
1754 2228 1885 2272 rem
1924 2209 2234 2289 pertinere
2254 2208 2296 2274 ².
2399 2208 2637 2275 Mirum
2680 2208 2892 2291 igitur

530 2326 664 2378 non
706 2314 810 2377 est
852 2310 1032 2392 pium
1076 2310 1519 2393 Augustinum
1579 2309 1751 2377 idem
1795 2310 1964 2378 vitio
2023 2311 2283 2377 dedisse
2343 2309 2629 2377 Senecae
2689 2315 2891 2393 atque

529 2412 959 2479 Plutarchum
1007 2419 1076 2479 et
1121 2412 1471 2496 Origenem
1507 2412 1816 2496 Epicure,
1863 2415 2035 2494 quod
2079 2412 2367 2495 speciem
2412 2412 2683 2495 pietatis
2727 2431 2890 2494 prae

534 2532 606 2580 se
650 2513 858 2580 ferret
903 2519 972 2581 et
1020 2516 1174 2581 deos
1220 2515 1529 2583 venerari
1573 2534 1716 2581 sese
1760 2515 2125 2582 simularet.
2214 2515 2427 2599 Quam
2472 2517 2552 2581 ob
2596 2534 2734 2582 rem
2776 2534 2890 2582 ve-

528 2616 1018 2683 hementissime
1062 2616 1135 2682 in
1181 2635 1327 2683 eum
1370 2617 1709 2684 invehitur
1751 2617 2168 2699 Augustinus
2214 2618 2318 2699 (fr.
2354 2618 2441 2683 40
2456 2617 2601 2703 Η.);
2654 2617 2886 2682 Tamen

528 2721 676 2804 quia
718 2719 986 2784 illustris
1043 2720 1262 2801 populi
1301 2719 1574 2783 Romani
1630 2726 1883 2784 senator
1941 2726 2090 2802 erat,
2158 2719 2402 2803 colebat,
2464 2720 2629 2804 quod
2686 2739 2887 2804 repre-

531 2820 843 2905 hendebat,
887 2822 1120 2906 ayebat,
1168 2821 1333 2906 quod
1374 2822 1691 2907 arquebat,
1751 2822 1918 2908 quod
1974 2822 2280 2906 culpabat,
2345 2822 2681 2887 adorabat:
2739 2824 2889 2906 quia

527 2923 801 2989 m'delicet
842 2945 1139 3009 maynum
1184 2945 1323 2989 eum
1380 2925 1629 3009 aliquid
1682 2925 2067 3011 philosophia
2110 2925 2420 3008 docuerat,
2478 2944 2554 2988 ne
2595 2926 2887 3008 supersti-

528 3028 722 3091 tiosus
765 3034 923 3091 esset
964 3029 1036 3091 in
1078 3027 1326 3111 mundo,
1381 3028 1492 3092 sed
1521 3035 1779 3113 propter
1821 3029 1980 3110 leyes
2033 3029 2260 3092 civium
2319 3029 2641 3111 moresque
2696 3026 2889 3091 homi-

528 3149 682 3192 num
722 3149 850 3193 non
893 3129 1141 3214 quidem
1185 3137 1392 3215 ayeret
1430 3129 1758 3213 finyentem
1802 3134 2108 3195 scenicum
2150 3132 2223 3194 in
2273 3130 2525 3214 theatrO,
2583 3128 2690 3193 sed
2746 3131 2887 3194 imi-

528 3236 770 3296 taretur
816 3233 884 3296 in
927 3233 1163 3316 templo,
1207 3253 1274 3297 eo
1300 3234 1741 3318 damnabilius,
1787 3234 1953 3319 quod
1976 3235 2109 3317 illa,
2154 3254 2313 3318 quae
2342 3233 2717 3298 mendaciter
2745 3254 2888 3318 aye-

533 3334 651 3418 bat,
693 3336 786 3399 sic
828 3342 1042 3417 ayeret
1097 3343 1169 3399 ut
1228 3356 1368 3400 eum
1405 3338 1682 3420 populus
1722 3338 2019 3401 veraciter
2061 3357 2240 3418 ayere
2296 3337 2677 3401 emis-timaret
2689 3359 2713 3421 ,·
2770 3356 2889 3399 sce-

530 3436 711 3501 nicus
752 3442 959 3502 autem
1005 3438 1272 3503 ludendo
1304 3441 1518 3523 potius
1557 3439 1883 3504 delectaret
1925 3460 2114 3524 quam
2155 3439 2437 3520 fallendo
2478 3439 2788 3520 decipe-ret.

701 3538 1016 3606 Senecam
1046 3541 1269 3608 nescio
1300 3559 1386 3607 an
1419 3560 1535 3608 suo
1564 3542 1708 3608 iure
1743 3541 2235 3624 vituperaverit
2262 3541 2709 3624 Augustinus3
2739 3559 2886 3607 con-

406 3731 411 3734 .
532 3643 644 3706 tra
690 3643 860 3722 quod
898 3644 982 3709 ad
1025 3642 1388 3725 Epicurum
1431 3644 1742 3728 pertinet,
1787 3643 1933 3710 fieri
1977 3647 2216 3727 potest,
2260 3647 2338 3709 ut
2383 3643 2756 3709 dubitemus
2800 3662 2887 3709 an

529 3760 657 3809 non
703 3742 845 3809 sint
882 3744 1064 3811 iusta
1106 3746 1488 3829 opprobria;
1535 3745 1617 3813 cf.
1661 3746 1876 3813 Zeller
1914 3746 2021 3812 III
2068 3749 2103 3812 1
2150 3764 2211 3828 p.
2254 3746 2414 3812 430:
2473 3744 2887 3810 Nichtsdesto-

529 3846 795 3930 ueniyer
850 3847 1046 3912 wollte
1105 3848 1262 3913 auch
1306 3848 1561 3930 Epikur
1617 3848 1736 3913 den
1791 3848 2073 3913 Glauben
2132 3868 2220 3912 an
2266 3847 2481 3912 Go‘tter
2534 3846 2700 3912 nicht
2741 3848 2889 3928 auf-

709 4033 727 4065 1
759 4033 969 4089 Eadem
1005 4034 1291 4103 opprobria
1337 4036 1482 4104 apud
1518 4035 1829 4090 Ciceronem
1873 4034 2246 4103 inveniuntur,
2284 4034 2351 4088 de
2384 4038 2500 4089 nat.
2537 4035 2587 4088 d.
2631 4034 2662 4088 I
2684 4033 2767 4104 30,
2792 4033 2890 4102 853

531 4119 621 4173 III
656 4118 705 4189 1,
740 4118 803 4187 33
850 4120 881 4174 I
915 4120 999 4188 44,
1036 4119 1166 4189 1233
1218 4121 1284 4175 de
1318 4119 1488 4175 divin.
1525 4121 1586 4175 Π
1624 4121 1704 4190 17,
1741 4120 1825 4176 40.
1907 4119 2106 4175 Euseb.
2142 4136 2224 4188 pr.
2273 4136 2356 4174 ev.
2385 4119 2489 4175 XV
2524 4119 2573 4189 5,
2610 4119 2705 4189 123
2752 4119 2890 4175 XIV

531 4202 614 4273 27,
651 4204 746 4259 11:
781 4204 852 4262 cf.
887 4205 1115 4275 Usener,
1148 4205 1420 4274 Epicurea
1453 4222 1507 4275 p.
1544 4205 1661 4259 103.

702 4288 728 4322 ²
759 4290 969 4345 Eadem
998 4291 1276 4346 sententia
1303 4291 1457 4346 nobis
1480 4291 1715 4346 occurrit
1751 4291 1872 4347 Sen.
1910 4307 1991 4360 ep.
2018 4291 2067 4361 5,
2092 4291 2152 4345 2:
2190 4290 2358 4346 Intus
2382 4290 2569 4346 omnia
2593 4289 2889 4346 dissimilia

528 4373 662 4441 sint,
695 4374 862 4443 frons
885 4375 1092 4445 populo
1126 4378 1321 4431 nostra
1356 4376 1657 4453 conveniat.
