3509 5067
512 358 638 446 239]
875 357 1101 413 Veteres
1134 355 1440 427 philosophi
1474 356 1737 425 quomodo
1773 356 2141 414 iudicaverint
2174 359 2241 413 de
2274 358 2524 428 precibus
2794 361 2890 428 39.

522 552 656 601 non
685 536 807 615 est,
836 535 1019 599 certe
1048 535 1274 597 tamen
1302 531 1523 613 Pyth
1541 547 2038 613 agoreorum
2067 531 2502 598 recentiorum
2525 536 2675 599 erat
2696 551 2884 615 prae·

519 639 806 718 ceptum.
891 632 1147 701 Deinde
1194 635 1276 699 de
1319 632 1626 715 precibus
1664 633 2020 700 stultorum
2062 632 2388 701 hominum
2422 640 2693 715 questus
2738 653 2884 703 esse

526 737 788 822 dicitur,
818 738 991 819 quod
1019 735 1371 819 nescirent,
1408 752 1578 816 quae
1605 753 1678 801 re
1708 754 1875 803 vera
1899 735 2075 802 bona
2104 740 2342 819 essent,
2370 736 2560 803 Diod.
2587 737 2631 804 L
2660 756 2714 805 c.
2748 737 2884 822 §72

498 840 663 905 (Ότι
719 838 756 905 ὅ
808 837 1000 913 αὐτὸς
1043 836 1441 924 ἀπεφαίνετο
1482 846 1622 913 τοῖς
1660 839 1854 913 θεοῖς
1896 836 2203 918 εὔχεσθαι
2261 835 2395 902 δεῖν
2435 836 2695 923 τάγαθὰ
2736 838 2888 916 τοὺς

520 945 883 1031 φρονίμους
908 938 1075 1026 ὑπὲρ
1102 951 1230 1003 τῶν
1272 938 1587 1026 ἀφρόνων.
1629 940 1781 1016 τοὺς
1806 938 1930 1024 γὰρ
1974 939 2311 1016 ἀσυνέτους
2339 939 2591 1022 ἀγνοεῖν
2616 944 2682 1004 τί
2723 945 2891 1007 ποτέ

530 1044 700 1110 ἐστιν
739 1054 831 1128 τῷ
870 1045 998 1128 βίῳ
1038 1042 1203 1107 κατὰ
1231 1041 1538 1129 ἀλήθειαν
1567 1042 1841 1127 ἀγαθόν.
1930 1043 2156 1110 Simile
2188 1045 2608 1127 Pythagorae
2639 1044 2887 1111 dictum

528 1148 809 1232 legimus
838 1148 1014 1229 apud
1044 1146 1238 1230 Diog.
1273 1147 1500 1213 Laert.
1527 1146 1699 1213 VIII
1727 1146 1800 1212 9:
1847 1144 1973 1209 Οὐκ
2004 1140 2078 1231 ἐᾷ
2115 1144 2421 1226 εὔχεσθαι
2455 1141 2619 1230 ὑπὲρ
2648 1144 2890 1210 ἑαυτῶν

526 1250 645 1321 ,διὰ
681 1249 754 1314 τὸ
790 1248 878 1334 μὴ
921 1247 1157 1314 εἰδέναι
1197 1247 1270 1314 τὸ
1317 1251 1659 1335 συμφέρον.
1747 1249 1995 1315 Contra
2026 1251 2196 1331 quod
2240 1251 2594 1316 secundum
2638 1250 2887 1333 Pytha·

522 1372 757 1435 goram
799 1352 1093 1419 homines
1149 1352 1410 1434 precari
1470 1353 1691 1435 decet,
1755 1351 1861 1417 his
1904 1351 2277 1418 continetur
2335 1351 2558 1420 verbis
2616 1351 2893 1419 Diodori

524 1457 570 1523 1.
616 1476 668 1523 c.
713 1458 783 1523 8:
844 1456 916 1519 ‘0
973 1453 1164 1530 αὐτὸς
1214 1450 1460 1541 ἔφασκε
1518 1452 1651 1517 δεῖν
1701 1451 1771 1517 ἑν
1824 1462 1968 1530 ταῖς
2025 1452 2243 1533 εὐχαῖς
2299 1452 2525 1531 ἅπλῶς
2579 1452 2892 1535 εὔχεσθαι

529 1556 795 1641 τάγαθά
815 1558 857 1624 ¹.
945 1556 1225 1641 Singula
1254 1558 1426 1623 bona
1454 1555 1827 1623 enumerari
1864 1554 2097 1640 vetuit,
2143 1574 2289 1623 cum
2319 1556 2613 1624 homines
2644 1557 2891 1624 exitum

518 1664 965 1741 eventumque
1008 1659 1373 1725 nescirent:
1417 1656 1548 1722 Καὶ
1572 1656 1662 1743 μὴ
1707 1655 1872 1719 κατὰ
1913 1659 2111 1742 μέρος
2151 1655 2505 1739 ὀνομάζειν,
2551 1654 2686 1723 οἶον
2714 1653 2891 1737 ἐξου-

517 1765 699 1835 σίαν,
763 1760 1013 1837 κάλλος,
1074 1760 1347 1824 πλοῦτον
1361 1812 1377 1845 ,
1419 1759 1619 1823 τᾶλλα
1674 1757 1755 1823 τὰ
1807 1760 2057 1835 τούτοις
2114 1758 2311 1841 ὅμοια
2328 1784 2342 1799 ·
2401 1759 2714 1838 πολλάκις
2767 1759 2892 1845 γὰρ

528 1865 771 1929 τούτων
812 1860 1075 1927 ἕκαστον
1116 1862 1266 1939 τοὺς
1307 1862 1447 1926 κατ’
1493 1859 1858 1944 ἐπιθυμίαν
1899 1861 2105 1926 αὐτῶν
2161 1862 2466 1942 τυχόντας
2519 1872 2659 1940 τοῖς
2714 1862 2894 1939 ὅλοις

518 1966 918 2051 ἀνατρέπειν
937 1967 980 2035 ².

701 2070 1012 2155 Adiungo
1045 2088 1213 2151 quae
1259 2071 1339 2135 de
1370 2068 1677 2151 precibus
1707 2067 1892 2135 dicta
1933 2073 2090 2135 sunt
2133 2068 2206 2135 in
2229 2068 2460 2136 libello
2491 2088 2533 2135 a
2562 2068 2892 2136 nonnullis

533 2175 960 2259 Pythagorae
991 2171 1340 2256 adscripto,
1371 2171 1555 2238 cuius
1593 2191 1825 2241 versus
1860 2172 2070 2254 ipsius
2115 2173 2546 2256 Pythagorae
2590 2190 2719 2238 non
2749 2191 2893 2239 esse

524 2273 684 2343 luce
728 2276 971 2342 clarius
1016 2279 1137 2341 est.
1224 2275 1390 2341 Nam
1427 2293 1547 2357 per
1575 2275 2028 2358 Pythagoram
2071 2274 2333 2341 iuratur
2358 2295 2423 2343 v.
2451 2276 2535 2340 47
2582 2273 2895 2341 editionis

532 2377 898 2445 Mullachii.
983 2378 1087 2444 De
1117 2377 1422 2461 precibus
1450 2377 1731 2459 legimus
1762 2396 1870 2445 vv.
1898 2378 1984 2443 48
1999 2396 2125 2458 sq.:
2169 2374 2332 2442 Ἀλλ’
2361 2373 2543 2461 ἔρχευ
2574 2374 2682 2441 ἐπ’
2711 2376 2899 2461 ἔργον

533 2483 787 2544 θεοῖσιν
828 2477 1259 2561 ἐπευξάμενος
1284 2478 1555 2544 τελέσαι.
1643 2479 1804 2546 Hie
1824 2481 2128 2564 rocleS,
2173 2479 2555 2547 Platonicus
2593 2478 2807 2562 quinti
2835 2500 2896 2563 p.

522 2584 685 2649 Chr.
729 2602 790 2649 n.
834 2602 884 2649 s.
927 2583 1352 2665 philosophus
1397 2583 1520 2648 hoc
1566 2601 1837 2649 aureum
1883 2586 2056 2664 quod
2099 2587 2377 2652 vocatur
2421 2602 2685 2650 carmen
2728 2601 2897 2650 com-

528 2690 873 2753 mentatus
903 2690 1023 2769 est,
1064 2704 1196 2767 qua
1225 2704 1307 2751 ex
1335 2684 1891 2767 interpretatione
1921 2687 2132 2753 multa
2163 2686 2538 2770 accipimuS,
2584 2705 2753 2768 quae
2780 2705 2899 2753 nos

524 2792 789 2871 docent,
812 2789 1127 2870 quomodo
1150 2788 1560 2872 Pythagorei
1580 2790 1774 2855 deum
1796 2789 2038 2871 optime
2064 2789 2191 2855 coli
2211 2788 2600 2871 putaverint
2621 2789 2664 2855 ⁸.
2707 2789 2900 2856 Dona

526 2895 609 2958 =et
650 2891 979 2958 sacrificia
1010 2891 1475 2973 contempsisse
1518 2891 1848 2960 videntur.
1937 2892 2270 2973 Optimum
2312 2891 2703 2958 sacrificium
2733 2910 2901 2975 pura

532 3013 719 3061 mens
744 2997 848 3061 est
870 2993 979 3078 (ad
998 3013 1059 3061 V.
1085 2994 1175 3079 1):
1206 2997 1402 3079 Δῶρα
1424 2992 1548 3079 γὰρ
1570 2993 1680 3057 καὶ
1707 2992 2072 3081 θυηπολίαι
2098 2992 2397 3080 ἀφρόνων
2423 2992 2633 3079 πυρὸς
2658 2994 2895 3080 τροφή·

530 3096 647 3161 καὶ
694 3094 1083 3181 ἀναθήματα
1127 3091 1481 3182 ἱεροσύλοις
1508 3100 1793 3182 χορηγία.
1883 3097 1967 3161 Τὸ
2012 3094 2083 3160 δὲ
2112 3093 2342 3160 ἔνθεον
2380 3095 2677 3183 φρόνημα
2722 3093 2899 3182 διαρ-

526 3203 667 3276 κῶς
709 3197 1101 3284 ἡδρασμένον
1129 3199 1436 3263 συνάπτει
1463 3201 1621 3284 θεῷ.
1710 3199 1934 3267 Verba
1962 3218 2132 3282 quae
2163 3203 2556 3280 sequuntur:
2603 3197 2763 3263 ὅθεν
2789 3197 2901 3262 καὶ

536 3302 737 3384 μόνος
764 3301 966 3388 ἱερεὺς
987 3300 1024 3366 ὁ
1047 3299 1255 3387 σοφὸς
1275 3301 1543 3385 λέγεται,
1565 3300 1766 3384 μόνος
1785 3300 2124 3388 θεοφιλής,
2143 3300 2341 3384 μόνος
2362 3299 2548 3377 εἰδὼς
2575 3300 2902 3382 εὔξασθαι

528 3405 695 3473 solis
726 3404 1168 3489 Pythagoreis
1198 3405 1503 3490 adscribi,
1539 3410 1617 3471 ut
1647 3407 1797 3472 vult
1827 3405 2242 3488 MullachiuS,
2273 3405 2510 3472 falsum
2542 3409 2662 3490 est,
2707 3404 2900 3471 immo

532 3508 721 3575 locus
774 3507 1127 3575 communis
1185 3512 1354 3574 est.
1311 3508 1338 3546 ⁴
1485 3508 2141 3575 Praestantissimum
2215 3508 2322 3574 dei
2381 3508 2692 3591 templum
2754 3526 2898 3575 esse

717 3661 737 3692 ¹
774 3660 855 3715 Cf..
890 3660 1129 3716 Socratis
1160 3661 1526 3731 precationem
1562 3661 1781 3730 saepius
1814 3662 2113 3716 laudatam.

715 3744 738 3777 ²
772 3746 853 3801 cf.
900 3746 1170 3802 Maximus
1226 3747 1358 3816 Tyr.
1404 3747 1533 3803 diss.
1580 3748 1663 3802 XI
1711 3748 1874 3816 1-23
1922 3746 2116 3802 deinde
2163 3762 2297 3815 quos
2343 3746 2486 3801 locos
2532 3745 2598 3801 R.
2634 3745 2899 3801 Schuetze

525 3831 704 3887 affert
725 3830 1007 3886 Iuvenalis
1030 3832 1251 3902 ethicus,
1276 3832 1422 3888 Diss.
1447 3833 1773 3902 Gryphiens.
1810 3833 1947 3888 1905
1980 3849 2032 3901 p
2056 3833 2127 3887 46
2138 3847 2246 3901 sq.;
2270 3836 2386 3886 tum
2414 3831 2582 3886 Clem.
2605 3831 2900 3887 Alexandr.

530 3922 723 3981 §trom-
759 3918 871 3974 VII
903 3919 988 3988 44,
1035 3918 1136 3973 857
1183 3919 1361 3975 Petu:
1417 3916 1634 3983 Ἐσχατη
1686 3916 1746 3969 δὲ
1802 3915 1985 3984 aina-91⁹
1964 3939 2018 3969 ια
2067 3956 2080 3970 .
2117 3956 2130 3971 .
2168 3960 2182 3974 .
2221 3960 2233 3973 .
2272 3958 2283 3971 .
2319 3915 2389 3969 τὰ
2433 3915 2509 3983 μὴ
2554 3918 2901 3985 συμφέροντα

539 4004 813 4055 αἰτεῖσθαι
847 4008 1121 4072 φαντασίᾳ
1155 4001 1389 4071 ἀγαθῶν
1421 4002 1558 4055 κακοὶ
1600 4005 1951 4066 αἰτουμένους
1987 4008 2182 4072 σφίσιν.

713 4087 736 4120 ⁸
771 4088 854 4142 Cf.
890 4104 943 4143 v.
993 4089 1024 4142 1
1072 4089 1189 4144 eins
1235 4087 1492 4144 carminis
1538 4094 1600 4143 et
1643 4088 1910 4144 Hieroclis
1957 4087 2393 4157 explicationem.
2475 4087 2731 4142 Ceterum
2778 4102 2902 4142 con·

525 4173 838 4229 ›cedendum
883 4180 972 4229 est
1016 4174 1137 4229 fieri
1179 4190 1351 4244 posse,
1398 4177 1475 4230 ut
1508 4174 1891 4229 commentario
1939 4173 2163 4243 singula
2211 4173 2301 4229 vel
2346 4173 2521 4228 multa
2559 4172 2902 4241 Neo-Pytha·

526 4274 828 4328 goreornm
863 4259 977 4315 sint
1009 4259 1346 4315 intermixta

711 4344 738 4376 ⁴
772 4344 854 4399 cf.
890 4344 1169 4400 simillima
1202 4343 1371 4401 verba
1404 4344 1623 4400 Maxim.
1660 4344 1793 4412 Tyr.
1829 4344 1958 4400 diss.
1993 4344 2076 4400 XI
2110 4344 2171 4399 8·
2211 4338 2301 4394 Av
2346 4339 2393 4394 δ’
2416 4338 2589 4409 ἐξέλῃς
2631 4343 2732 4394 τοῦ
2776 4345 2900 4409 βίον
