3509 5067
520 387 628 476 71]
856 388 1086 444 Veteres
1121 386 1428 457 philosophi
1464 355 1729 453 quomodo
1766 382 2131 439 iudicaverint
2163 381 2230 438 de
2266 381 2516 451 precibus
2789 383 2871 448 71

518 558 918 626 Valafredus
950 558 1190 625 Strabo
1235 559 1316 623 de
1360 557 1558 622 rebus
1603 553 2073 621 ecclesiasticis
2104 572 2155 619 c.
2188 553 2298 619 12:
2344 552 2567 617 Brevis
2609 557 2665 617 et
2704 572 2876 633 pura

519 661 690 725 debet
732 680 855 725 esse
898 662 1114 742 oratic,
1157 663 1213 722 et
1257 678 1379 722 non
1424 659 1494 721 in
1538 656 1943 739 multiloquio,
2003 654 2109 720 sed
2149 657 2218 719 in
2260 656 2533 735 puritate
2576 653 2781 718 cordis
2820 661 2877 717 et

519 764 976 845 compunctione
1019 762 1428 825 lacrimarum
1473 779 1589 823 nos
1632 758 1923 824 exaudiri
1970 760 2242 822 sciamus
2283 762 2339 821 et
2383 777 2538 820 non
2579 759 2668 820 in
2710 756 2877 820 ela—

521 885 583 930 m
600 885 737 929 osa
792 884 877 928 vo
893 884 924 928 e
940 885 970 928 e
986 913 1000 939 ‚
1046 862 1155 927 sed
1193 865 1264 927 in
1308 862 1588 926 lacrimis
1606 864 1631 900 1
1675 869 1732 925 et
1775 863 1845 925 in
1885 862 2220 926 intentione
2262 859 2481 925 cordis,
2526 896 2604 906 —
2653 858 2879 925 Facile

521 967 881 1034 tacitarum
937 966 1386 1048 precationum
1447 965 1748 1046 exempla
1807 963 2129 1030 cumulari
2186 967 2480 1045 possunt.
2594 963 2692 1027 At
2746 961 2876 1027 iam

522 1069 963 1136 desistendum
1009 1069 1156 1151 erit,
1215 1085 1361 1133 cum
1405 1066 1572 1134 satis
1617 1065 2114 1149 ostenderimus,
2174 1066 2345 1147 quod
2402 1063 2590 1131 nobis
2647 1082 2877 1146 propo-

523 1172 723 1237 situm
766 1175 915 1237 erat
935 1170 979 1232 ².

525 1357 640 1412 sine
674 1356 996 1411 clamoribus
1032 1357 1238 1412 fierent.
1311 1356 1456 1424 Quas
1481 1356 1887 1411 adhortationes
1923 1356 2254 1411 necessarias
2288 1354 2457 1410 fuisse
2491 1352 2879 1423 intellegimus,

523 1457 645 1497 cum
681 1458 727 1497 e.
764 1458 818 1511 g.
854 1442 1089 1511 legimns
1125 1441 1423 1511 Augustin.
1463 1441 1578 1496 Oiv.
1615 1442 1704 1497 dei
1739 1441 1901 1495 XXII
1937 1441 2179 1496 8Domb.

699 1528 721 1559 ¹
755 1527 1065 1582 Gentilibus
1100 1542 1328 1596 quoque,
1365 1543 1592 1595 quorum
1616 1526 1867 1596 precibus
1901 1527 2178 1582 interdum
2210 1526 2279 1582 ab
2307 1525 2493 1582 insciis
2518 1524 2677 1579 ardor
2711 1522 2881 1578 animi

524 1612 884 1682 abiudicatur,
919 1612 1256 1681 precationes
1285 1628 1408 1667 cum
1431 1612 1671 1667 lacrimis
1695 1613 1851 1667 fusae
1877 1612 2011 1668 bene
2032 1616 2197 1667 notae
2219 1618 2393 1667 erant.
2429 1609 2881 1665 Testimoniorum

524 1698 627 1752 duo
673 1697 857 1765 priora
892 1697 1194 1753 Sudhausio
1242 1698 1432 1753 debeo:
1486 1697 1641 1753 Hom.
1689 1697 1756 1752 Il.
1794 1698 1935 1753 VIII
1968 1697 2071 1752 364
2117 1699 2184 1753 de
2218 1697 2480 1753 Hercule:
2515 1694 2677 1747 Ἤτοι
2713 1693 2744 1746 ὁ
2778 1695 2882 1760 μὲν

523 1778 837 1833 κλαίεσκε
860 1781 997 1851 πρὸς
1019 1780 1270 1852 οὐρανόν,
1291 1783 1556 1853 Apuleius
1574 1784 1702 1839 Met.
1724 1784 1807 1837 XI
1828 1784 1883 1837 1:
1911 1783 2281 1839 Lacrimas
2296 1800 2326 1838 o
2347 1783 2506 1837 vultu
2528 1778 2879 1851 apprecabor,

522 1867 650 1923 Met.
686 1869 769 1923 XI
802 1869 873 1923 24
908 1874 1037 1925 ante
1084 1868 1480 1938 precationem:
1529 1868 1896 1942 Lacrimis
1944 1868 2217 1923 obortis
2262 1867 2594 1938 sinyultu
2641 1865 2880 1920 crebro

523 1968 824 2007 sermonem
860 1954 1191 2022 interficiens
1228 1956 1279 2008 et
1300 1953 1461 2008 verba
1486 1954 1751 2009 devorans
1773 1953 1882 2009 aio.
1920 1955 2048 2010 Met.
2083 1955 2166 2011 VI
2188 1954 2248 2010 2:
2288 1954 2447 2009 Tunc
2480 1951 2692 2023 Psyche
2718 1949 2883 2021 pedes

525 2038 642 2092 eius
689 2038 978 2108 advoluta,
1033 2042 1088 2094 et
1137 2039 1345 2093 uberi
1401 2039 1589 2105 fletu
1640 2040 1893 2110 riyans
1945 2039 2109 2095 deae
2158 2039 2497 2110 vestigia,
2551 2038 2883 2105 humumque

524 2139 746 2178 verrens
782 2123 1029 2179 crinibus
1063 2124 1197 2194 suis,
1244 2124 1699 2194 multiiuyiis
1743 2125 2069 2193 precibus
2106 2125 2270 2180 editis
2298 2124 2516 2181 veniam
2546 2122 2880 2193 postulabat.

527 2209 783 2264 Lucanus
818 2210 1065 2264 Pharsal.
1099 2210 1159 2263 II
1193 2209 1288 2263 30:
1336 2210 1462 2263 Hae
1510 2210 1838 2264 lacrimis
1888 2226 2138 2280 sparsere
2172 2210 2311 2266 deos.
2394 2211 2597 2266 Contra
2630 2208 2882 2263 lacrimas

527 2294 865 2362 precantium
901 2295 1170 2364 improbat
1221 2294 1421 2350 Seneca
1469 2311 1551 2363 ep.
1602 2296 1683 2365 77,
1723 2295 1816 2350 12:
1868 2295 2014 2366 Quid
2046 2296 2187 2362 fles
2202 2299 2227 2350 ‚2
2272 2296 2404 2364 quid
2450 2298 2609 2365 optas
2623 2296 2649 2348 ?
2691 2291 2884 2363 perdis

530 2394 767 2447 operam.
854 2380 1186 2448 Porphyrius
1239 2396 1320 2449 ep.
1375 2382 1444 2435 ad
1497 2382 1810 2436 Marcellam
1863 2382 1956 2436 19:
2026 2379 2163 2432 Οὔτε
2224 2380 2485 2449 δάκρυα
2532 2384 2621 2431 καὶ
2665 2382 2883 2430 ἱκετεῖαι

528 2463 669 2515 θεὸν
704 2465 1135 2534 ἐπιστρέψωσιν.
1183 2496 1252 2505 -
1298 2467 1471 2523 Multo
1519 2466 1699 2537 magis
1750 2483 1912 2535 quam
1959 2467 2197 2538 gentiles
2246 2467 2547 2523 Christiani
2592 2469 2773 2536 agunt
2817 2465 2884 2519 de

525 2549 775 2618 precibus
810 2566 933 2605 cum
969 2550 1207 2606 lacrimis
1229 2551 1383 2607 fusis.
1459 2552 1804 2622 Augustinus
1830 2552 1895 2608 de
1919 2552 2071 2608 civit.
2102 2553 2191 2609 dei
2214 2552 2376 2607 XXII
2400 2553 2434 2606 8
2462 2569 2514 2621 p.
2540 2551 2642 2606 569
2664 2550 2881 2606 Domb.:

530 2635 720 2704 Coepit
752 2652 926 2691 orare.
1003 2636 1214 2705 Quibus
1249 2636 1442 2703 modis,
1492 2654 1595 2706 quo
1632 2638 1849 2707 affectu,
1898 2654 2002 2707 quo
2054 2642 2210 2693 motu
2252 2638 2448 2704 animi,
2498 2654 2604 2706 quo
2649 2635 2883 2704 fluvio

528 2719 1020 2792 lacrimarum,
1069 2722 1266 2790 quibus
1311 2722 1606 2792 ,qemitibus
1650 2727 1814 2792 atque
1848 2724 2180 2795 sinyultibus
2212 2723 2642 2779 succutientibus
2695 2721 2885 2777 omnia

528 2804 769 2859 membra
805 2805 922 2860 eius
947 2808 1002 2859 et
1027 2823 1203 2875 paene
1231 2807 1724 2863 intercludentibus
1758 2808 2038 2878 spiritum,
2076 2810 2198 2878 quis
2232 2808 2365 2864 ullis
2401 2808 2644 2877 explieat
2673 2807 2886 2861 verbis?

528 2889 608 2944 Of.
646 2889 969 2945 Tertullian.
1008 2892 1074 2946 de
1109 2892 1448 2961 paenitentia
1481 2893 1540 2959 93
1590 2893 1846 2963 cyprian.
1884 2895 1950 2950 de
1984 2896 2120 2964 laps,
2155 2896 2332 2965 4sqq.,
2369 2894 2564 2962 35sqq.
2634 2894 2755 2949 Von
2791 2892 2887 2947 der

527 2975 688 3030 Goltz
724 2974 849 3030 Das
878 2975 1049 3031 Gebet
1079 2977 1144 3030 in
1167 2976 1264 3031 der
1297 2977 1528 3033 c'iltesten
1556 2978 1924 3035 Christenheit
1943 2997 1995 3049 p.
2023 2980 2137 3035 171.
2209 2981 2396 3051 Migne
2419 2979 2622 3034 Patrol.
2660 2993 2760 3033 ser.
2784 2979 2882 3033 lat.

527 3061 661 3115 CIII
693 3077 744 3128 p.
783 3060 888 3116 620
920 3061 971 3130 (e
1006 3062 1185 3117 codice
1229 3064 1545 3132 regularum
1580 3065 1911 3134 Benedicti):
1962 3065 2102 3121 Cum
2154 3066 2218 3119 in
2262 3065 2509 3120 oratione
2543 3063 2885 3131 adsistimus,

525 3162 791 3215 yemere
825 3150 890 3201 et
919 3147 1103 3215 flere
1139 3147 1468 3203 debemus.
1512 3166 1563 3219 p.
1602 3150 1730 3203 929:
1767 3150 1852 3205 Et
1873 3166 1985 3206 non
2018 3151 2081 3205 in
2115 3150 2477 3219 multiloquio,
2511 3149 2605 3205 sed
2632 3148 2696 3203 in
2722 3148 2885 3218 puri-

531 3233 643 3285 tate
676 3231 856 3287 cordis
892 3234 946 3286 et
979 3234 1390 3302 compunctione
1437 3235 1899 3290 lacrimarum
1934 3252 2034 3291 nos
2069 3235 2409 3291 exaudiri
2443 3236 2769 3290 sciamus.

702 3317 724 3348 ²
762 3319 898 3373 Toto
935 3320 1187 3388 opusculo
1239 3335 1358 3374 meo
1406 3320 1652 3376 absoluto
1699 3321 1900 3377 librum
1947 3321 2180 3391 cognovi
2214 3321 2434 3377 Rudolfi
2467 3321 2629 3376 Helm
2663 3319 2885 3375 Lucian

528 3400 644 3454 und
676 3401 910 3472 Menipp
964 3404 1114 3469 1906,
1163 3405 1258 3472 qui
1292 3422 1344 3474 p.
1381 3405 1602 3475 91—93,
1651 3424 1701 3476 p.
1738 3407 1839 3461 121
1860 3423 1939 3475 sq.
1976 3407 2280 3463 sententias
2331 3406 2769 3476 philosophorum
2817 3405 2884 3460 de

529 3486 776 3554 precibus
799 3492 870 3627 (leg
907 3489 1185 3544 sacrificiis
1219 3492 1461 3559 prolatas
1498 3493 1684 3562 tangit
1718 3508 1818 3548 nec
1847 3508 1955 3548 non
1989 3494 2289 3562 complures
2323 3493 2465 3548 locos
2501 3492 2596 3560 qui
2632 3507 2717 3547 me
2751 3489 2884 3545 effu-

530 3579 729 3640 gerant
765 3588 798 3626 a
873 3573 935 3627 it.
