3509 5067
509 380 617 469 19]
854 380 1081 435 Veteres
1115 377 1418 447 philosophi
1454 378 1716 446 quomodo
1750 378 2121 433 indicaverint
2153 379 2224 433 de
2256 378 2506 448 precibus
2783 382 2863 447 19

508 554 738 632 cerpta
796 567 833 615 e
878 547 1322 630 Theophrasti
1379 565 1571 629 opere
1630 547 1843 613 electa
1864 547 1906 613 ¹.
2026 546 2358 629 Imprimis
2416 549 2692 616 tertium
2753 570 2861 617 ex·

508 657 805 734 cerptum
849 650 1075 733 magni
1130 647 1441 716 momenti
1485 653 1588 715 est
1631 649 1710 733 (c.
1756 651 1856 733 11,
1900 650 2187 732 21—153
2244 652 2343 734 19,
2380 653 2609 734 6-20,
2650 653 2692 718 3
2765 656 2864 721 ed.

503 756 783 840 Nauck),
826 754 984 835 quia
1029 755 1115 819 ad
1161 771 1241 819 ea
1282 751 1591 836 pertinet,
1635 771 1805 833 quae
1848 752 2181 820 sentiebat
2223 754 2721 836 Theophrastus
2783 759 2865 824 de

504 859 688 924 cultu
732 861 803 923 et
846 855 1278 924 veneratione
1321 856 1603 921 deorum.
1703 855 1876 921 Solis
1935 855 2239 938 frugibus
2282 858 2472 923 deum
2535 858 2663 924 coli
2702 860 2866 944 vult,

507 960 826 1027 animalia
889 961 1084 1025 vetat
1148 957 1538 1024 sacrificari:
1600 967 1748 1033 πῶς
1818 957 1941 1043 γὰρ
2002 956 2182 1022 ὅσιον
2238 956 2673 1040 ἀδικουμένων
2737 972 2867 1025 τῶν

505 1062 1032 1150 ἀφαιρεθέντων;
1083 1059 1613 1144 Magnitudinem
1659 1065 1730 1126 et
1786 1060 2073 1142 pretium
2117 1061 2292 1128 sacri
2337 1063 2497 1128 deus
2541 1064 2864 1147 neglegit:

507 1161 656 1229 ἐπεὶ
699 1163 809 1228 καὶ
847 1163 920 1228 τὸ
951 1161 1307 1227 εὐδάπανον
1343 1162 1453 1226 καὶ
1481 1161 1864 1248 εὐπόριστον
1902 1173 2017 1226 τοῦ
2061 1160 2494 1248 δυσπορίστου
2525 1161 2866 1248 ὁσιώτερον

505 1267 616 1332 καὶ
656 1269 845 1342 θεοῖς
878 1268 1329 1351 κεχαρισμένον
1349 1265 1376 1303 2
1419 1264 1647 1328 καὶ-
1676 1266 1939 1332 accedit
1982 1284 2186 1333 eausa
2222 1265 2294 1332 in
2325 1268 2645 1333 communi
2684 1268 2867 1336 vitae

506 1389 629 1437 usu
665 1370 885 1452 posita
926 1406 1014 1417 —
1056 1367 1219 1432 κατὰ
1244 1366 1318 1431 τὸ
1348 1365 1582 1453 ῥᾷστον
1606 1376 1746 1443 τοῖς
1772 1369 2044 1432 θύουσιν
2084 1366 2253 1452 πρὸς
2280 1377 2503 1454 συνεχῆ
2546 1368 2869 1453 εὐσέβειαν

506 1470 761 1554 ἕτοιμον
778 1472 823 1533 ⁸.
928 1471 1053 1538 Pia
1092 1474 1311 1537 mente
1355 1472 1645 1553 gaudere
1697 1472 1853 1536 deos
1915 1474 1990 1536 ut
2034 1472 2536 1555 demonstretur,
2578 1473 2868 1556 Pythiae

507 1575 841 1642 oraculum
899 1572 1192 1639 refertur
1240 1591 1301 1638 c.
1347 1572 1454 1639 15:
1515 1571 1601 1636 Οὐ
1659 1571 1783 1655 γὰρ
1845 1569 1923 1635 ἅν
1964 1591 2129 1636 ποτε
2184 1583 2298 1636 τοῦ
2342 1573 2653 1638 θετταλοῢ
2711 1569 2867 1638 ἐκει-

505 1697 617 1741 νου
657 1686 772 1739 τοῦ
807 1675 958 1750 τοὺς
984 1676 1386 1759 χρυσοκέρως
1412 1678 1569 1754 βοῦς
1597 1672 1708 1736 καὶ
1734 1672 1852 1749 τὰς
1882 1669 2241 1756 ἑκατόμβας
2282 1685 2373 1757 τῷ
2403 1677 2638 1759 Πυθίῳ
2664 1695 2866 1762 προσ-

505 1781 772 1860 άγοντος
811 1775 1056 1857 μᾶλλον
1083 1771 1316 1862 ἔφησεν
1348 1774 1387 1858 ἡ
1415 1776 1640 1839 Πυθία
1665 1774 1777 1839 τὸν
1802 1774 2135 1859 Ἑρμιονέα
2165 1779 2551 1861 κεχαρίσθαι
2577 1780 2869 1844 θύσαντα

503 1891 632 1944 τῶν
674 1890 975 1964 ψαιστῶν
1018 1875 1091 1942 ἐκ
1131 1888 1247 1942 τοῦ·
1286 1875 1592 1964 πηριδίου
1631 1877 1806 1962 τρισὶ
1849 1877 2199 1955 δακτύλοις.
2279 1880 2409 1947 Hic
2446 1881 2697 1947 minimi
2739 1882 2867 1965 igi-

506 1987 620 2050 tur
661 1982 866 2066 pretii
908 2001 1100 2049 sacra
1143 1980 1307 2047 fecit
1326 1982 1370 2047 4.
1474 1982 1831 2048 Thessalus
1876 1986 2098 2048 autem
2140 1981 2364 2051 verbis
2406 1983 2692 2067 Pythiae
2735 2001 2868 2053 non

505 2072 689 2153 reete
731 2085 1092 2152 intellectis
1135 2088 1346 2150 totum
1393 2103 1651 2150 saccum
1695 2103 1894 2166 super
1937 2103 2122 2150 aram
2163 2084 2413 2153 effudit.
2502 2086 2645 2169 Quo
2689 2086 2868 2155 facto

506 2189 846 2271 respondit
874 2186 1153 2271 Pythia:
1183 2183 1318 2250 Ὅτι
1347 2184 1450 2263 δὶς
1475 2185 1663 2250 τόσον
1685 2184 2049 2265 ἀπέχθοιτο
2076 2196 2264 2251 τοῦτο
2297 2185 2541 2272 δράσας
2566 2186 2607 2270 ἢ
2637 2189 2867 2273 πρότε·

509 2312 624 2377 ρον
662 2284 736 2375 ἦν
763 2292 1217 2374 κεχαρισμένος
1234 2289 1281 2350 ⁶.
1384 2291 1607 2371 Atque
1643 2291 1857 2355 denuo
1888 2290 2388 2372 Theophrastus
2416 2290 2708 2357 affirmat
2737 2310 2867 2359 non

514 2416 677 2423 ΜΨ*

685 2477 706 2510 ¹
734 2476 1073 2546 Porphyrius
1108 2476 1225 2545 ipse
1249 2474 1431 2530 omnia
1463 2475 1611 2531 inter
1633 2492 1677 2532 c.
1701 2476 1752 2543 5,
1787 2476 1847 2531 in
1871 2490 1976 2544 quo
2012 2475 2377 2544 Theophrasti
2400 2477 2637 2545 primum
2662 2479 2865 2535 mentio

506 2564 586 2630 fit,
622 2568 682 2618 et
706 2578 751 2617 c.
781 2562 852 2617 30
884 2562 1008 2630 plus
1031 2561 1212 2615 minus
1237 2561 1602 2629 Theophrasti
1625 2576 1743 2615 esse
1766 2561 2023 2616 declarat.
2094 2561 2219 2616 Alia
2241 2562 2575 2630 Porphyrius
2609 2565 2865 2633 apposuit

504 2649 570 2719 (c.
609 2648 798 2717 9—11,
834 2646 930 2716 213
967 2646 1188 2716 16-19‚
1226 2646 1296 2716 6),
1333 2647 1445 2700 alia
1479 2645 1771 2701 contraxit.

678 2733 704 2766 ²
739 2733 821 2787 Cf.
857 2748 972 2800 cap.
1010 2730 1080 2784 20
1112 2731 1236 2786 init.

677 2818 703 2851 ³
737 2818 1009 2886 Pauperes
1044 2831 1258 2885 quoque
1292 2822 1393 2871 aut
1426 2832 1533 2872 non
1569 2815 1770 2871 divites
1804 2817 1931 2872 deos
1954 2817 2129 2872 colere
2163 2818 2288 2873 vult
2321 2833 2491 2889 posse,
2529 2819 2596 2874 cf.
2620 2820 2868 2890 Bernays

506 2905 544 2959 l.
580 2920 626 2959 o.
650 2920 703 2973 p.
729 2903 824 2958 74:
857 2904 980 2957 Der
1013 2901 1311 2971 Philosoph
1342 2900 1456 2956 will
1490 2901 1665 2956 durch
1699 2901 2140 2973 Vereinfacmmy
2174 2905 2273 2958 der
2304 2903 2868 2976 Kultushandlunqen

507 2988 587 3045 sie
620 3005 726 3044 aus
755 2989 973 3044 Staats-
995 2988 1115 3042 und
1136 2987 1596 3042 Priesterbanden
1620 2986 1858 3055 befreien
1880 2987 1997 3043 und
2018 2988 2106 3043 als
2128 2988 2247 3043 eine
2269 2989 2687 3059 Anqeleqenhcit
2714 2990 2867 3060 jedes

504 3074 809 3131 Einzelnen
839 3073 1080 3144 zuylcich
1104 3073 1582 3144 verallqemeinem
1602 3073 1720 3128 und
1740 3072 2193 3130 ver-innerlichen.
2249 3074 2330 3130 Cf.
2354 3075 2501 3130 Stob.
2525 3075 2639 3131 flor.
2663 3077 2754 3131 111
2779 3077 2865 3147 50,

507 3176 648 3228 quae
681 3159 849 3215 verba
881 3159 1254 3228 fragmentum
1288 3158 1406 3214 eius
1440 3158 1614 3227 partis
1648 3159 2013 3227 Theophrasti
2045 3158 2173 3214 libri
2209 3175 2329 3215 esse
2351 3160 2414 3215 B.
2450 3161 2866 3233 demonstravit,

509 3262 672 3314 quam
706 3245 1058 3314 Porphyrius,
1106 3260 1229 3298 cum
1274 3244 1547 3314 proposito
1593 3260 1702 3300 non
1734 3245 2041 3300 necessaria
2068 3250 2229 3315 esset,
2265 3245 2476 3301 omisit:
2516 3244 2644 3314 Χρὴ
2678 3250 2868 3298 τοίνυν

507 3330 609 3382 τὸν
641 3327 910 3396 μέλλοντα
947 3329 1460 3395 θαυμασθήσεοθαι
1493 3332 1619 3396 περὶ
1651 3328 1716 3381 τὸ
1740 3330 1904 3382 θετον
1938 3325 2242 3399 φιλοθύτην
2280 3328 2435 3396 εἶναι,
2469 3329 2544 3396 μὴ
2577 3333 2661 3395 τῷ
2679 3328 2868 3384 πολλὰ

509 3415 694 3481 θύειν,
728 3412 862 3468 ἀλλὰ
898 3417 981 3479 τῷ
1013 3414 1194 3468 πυκνοὶ
1227 3417 1395 3482 τιμᾶν
1428 3413 1494 3466 τὸ
1519 3414 1698 3470 θετον.
1736 3413 1798 3466 τὸ
1835 3416 1939 3479 μὲν
1970 3416 2078 3484 γὰρ
2113 3414 2384 3486 εὐπορίας,
2420 3414 2485 3468 τὸ
2510 3409 2558 3466 δ’
2593 3414 2870 3481 ὁσιότητος

509 3505 747 3565 σημεῖον.
818 3501 1039 3555 Cultum
1074 3499 1252 3570 igitur
1283 3500 1499 3569 publice
1533 3506 1813 3568 receptum
1855 3516 1964 3555 non
1999 3501 2173 3556 solum
2207 3516 2315 3556 non
2350 3507 2675 3570 aspernatur
2697 3502 2870 3559 Theo-

508 3586 783 3655 phrastus,
817 3586 913 3640 sed
948 3586 1117 3641 etiam
1151 3592 1323 3655 optat,
1359 3593 1426 3640 ut
1458 3600 1620 3655 saepe
1654 3585 1896 3641 homines
1931 3586 2112 3641 colant
2144 3587 2272 3641 deos
2284 3607 2299 3655 3
2336 3586 2403 3642 cf.
2441 3587 2508 3642 de
2542 3586 2682 3643 abst.
2718 3588 2777 3642 H
2797 3588 2868 3643 43

509 3670 803 3741 Porphyrii
836 3670 1028 3725 verba:
1065 3667 1203 3722 ὥστε
1237 3669 1374 3723 κατὰ
1407 3669 1478 3722 τὰ
1513 3672 1770 3741 εἰρημένα
1808 3670 2140 3740 Θεοφράστῳ
2174 3670 2429 3737 θύσομεν
2460 3674 2553 3723 καὶ
2586 3669 2749 3737 ἡμεῖς.

679 3758 706 3789 ⁴
740 3756 821 3811 Of.
856 3756 985 3810 Hor.
1021 3772 1065 3811 c.
1101 3756 1195 3811 III
1227 3755 1312 3824 23,
1350 3757 1416 3810 17
1428 3772 1544 3825 sqq.

680 3842 706 3875 ⁸
739 3842 820 3896 Of.
850 3841 1097 3911 ineptam
1132 3842 1397 3897 Hieroclis
1431 3841 1810 3912 imitationem,
1848 3841 2187 3910 Pythagorei
2220 3841 2403 3910 quinti
2424 3858 2475 3911 p.
2502 3843 2626 3899 Chr.
2662 3860 2716 3899 n.
2749 3859 2866 3899 sae-

507 3927 619 3984 culi
653 3927 909 3997 (Mullach
944 3927 1035 3983 Fr.
1059 3927 1252 3996 philos.
1287 3944 1373 3997 gr.
1412 3927 1443 3981 I
1476 3944 1527 3996 p.
1556 3926 1677 3997 121)
1711 3932 1773 3982 et
1803 3927 2092 3996 Bernaysii
2126 3927 2506 3984 annotationes
2539 3945 2591 3997 p.
2629 3929 2712 3984 75.
2783 3930 2866 3984 Of.

507 4014 703 4082 Porph.
738 4014 806 4068 de
828 4013 968 4068 abst.
991 4013 1051 4068 II
1074 4013 1140 4067 17
1175 4014 1451 4068 oraculum
1476 4013 1779 4082 Tyrrhenis
1812 4013 2005 4068 datum
2040 4018 2099 4068 et
2132 4013 2463 4082 Antiphanis
2498 4014 2686 4070 comici
2718 4014 2868 4086 frag·
2920 4022 2927 4028 ‘

508 4103 767 4154 mentum.

679 4183 962 4252 Simplicia
984 4182 1251 4239 sacrificia
1271 4183 1505 4253 Phintys
1531 4200 1742 4252 quoque
1763 4183 2082 4253 postulabat
2103 4184 2491 4255 Pythagorica,
2521 4184 2680 4265 Stob.¹
2691 4186 2775 4255 74,
2799 4185 2868 4241 61

508 4269 690 4339 Mein„
736 4285 879 4337 quae
926 4269 1058 4337 quid
1104 4269 1410 4338 sapientem
1459 4270 1654 4325 deceat
1698 4268 1957 4324 feminam
1973 4312 1986 4335 ‚
2036 4269 2303 4325 ostendit:
2352 4270 2413 4321 ἐν
2458 4269 2530 4335 τᾷ
2579 4269 2753 4335 θυσίᾳ
2796 4272 2870 4337 τᾷ

513 4357 640 4424 περὶ
655 4354 720 4437 τὸ
745 4355 907 4406 θετον
930 4351 1159 4421 εὐλαβέα
1182 4346 1319 4421 ἦμεν
1341 4357 1431 4405 καὶ
1445 4359 1687 4424 μετρίαν.
1704 4383 1775 4395 --
1792 4355 1947 4411 Unus
1965 4371 1995 4411 e
2011 4354 2198 4425 paucis
2215 4355 2361 4426 locis,
2380 4354 2577 4424 quibus
2594 4360 2872 4425 narratur,

2481 4440 2547 4493 2*
