3509 5067
603 308 688 371 24
1517 303 1785 359 Henricus
1820 302 2062 358 Schmidt
2850 304 2963 391 [24

598 481 728 559 tur,
781 477 956 556 quod
1001 476 1259 556 quidem
1304 473 1540 541 ceteris
1593 474 1735 540 eius
1758 472 2126 540 sententiis
2182 479 2532 558 repugnat,
2591 493 2721 541 non
2763 474 2962 542 aliter

601 583 803 659 atque
846 577 916 643 id
954 579 1124 658 quod
1166 578 1344 659 apud
1387 578 1661 643 eundem
1703 575 2153 642 Philodemum
2210 595 2282 639 π.
2330 574 2531 658 εὒσεβ.
2582 578 2723 660 108,
2766 578 2963 659 esqq.

601 679 978 763 reperimus,
1036 698 1162 761 quo
1205 680 1344 745 loco
1402 679 1597 761 plane
1656 678 2026 744 affirmatur
2081 677 2440 760 Epicurum
2484 678 2765 760 publicis
2811 682 2960 747 deo-

601 801 746 849 rum
790 782 999 849 sacris
1043 781 1336 848 adfuisse
1359 781 1401 848 ¹.
1488 781 1714 862 Neque
1756 799 1912 848 vero
1942 780 2379 847 necessarium
2424 786 2527 848 est
2566 800 2683 848 nos
2724 787 2960 864 putare

601 884 939 951 simulasse
1003 883 1362 966 Epicurum
1417 902 1491 950 se
1535 884 1851 950 cultorem
1909 901 2055 950 esse
2113 884 2378 949 deorum
2402 883 2446 966 ²,
2508 882 2613 949 cui
2671 883 2956 965 opinioni

602 993 780 1055 certe
817 988 1030 1053 multa
1072 1005 1200 1052 non
1247 986 1646 1053 conveniunt
1667 984 1710 1050 ⁸.
2163 981 2166 986 ’

770 1106 1000 1173 Facile
1056 1105 1498 1188 intellegimus
1534 1104 1895 1187 Epicurum
1937 1104 2177 1171 stultas
2223 1105 2554 1172 hominum
2598 1124 2826 1188 preces
2859 1106 2957 1175 vi·
2993 1161 2998 1166 .

599 1214 954 1292 tuperasse,
999 1226 1168 1289 quae
1213 1207 1271 1274 si
1311 1207 1776 1290 exaudiuntur,
1819 1207 2249 1289 precantibus
2299 1207 2460 1289 ipsis
2504 1211 2661 1273 sunt
2703 1207 2905 1276 exitio
2932 1210 2959 1247 ⁴

601 1312 706 1396 (fr.
735 1311 912 1396 388):
954 1306 1044 1375 Εἰ
1069 1319 1213 1386 ταῖς
1237 1320 1361 1373 τῶν
1390 1308 1752 1395 ἀνθρώπων
1784 1308 2001 1389 εὐχαῖς
2028 1306 2064 1373 ὅ
2088 1308 2250 1386 θεὸς
2274 1308 2769 1396 καθηκολούθει,
2794 1312 2952 1374 θᾶτ-

598 1429 706 1476 τον
749 1413 828 1477 ἂν
872 1410 1250 1476 ἀπώλλυντο
1293 1414 1527 1489 πάντες
1552 1411 1922 1496 ἄνθρωποι,
1970 1422 2250 1491 συνεχῶς
2290 1410 2508 1476 πολλὰ
2548 1412 2659 1476 καὶ
2701 1411 2955 1491 χαλεπὰ

602 1514 740 1578 κατ’
777 1513 1060 1601 ἀλλήλων
1103 1514 1448 1597 εὐχόμενοι.
1540 1515 1637 1580 At
1673 1533 1802 1580 non
1832 1516 2040 1581 solum
2083 1533 2326 1596 pravas
2371 1517 2486 1581 sed
2529 1514 2786 1582 omnino
2829 1534 2957 1583 om-

598 1637 716 1684 nes
745 1636 975 1700 preces
1005 1617 1422 1699 improbabat
1449 1617 1782 1700 Epicurus
1804 1617 1847 1682 ⁶.
1914 1619 2110 1699 Apud
2140 1616 2453 1684 Senecam
2482 1617 2672 1700 enim,
2702 1620 2782 1684 de
2809 1619 2958 1685 ben.

600 1721 698 1787 IV
745 1721 843 1804 19,
886 1721 927 1785 2
976 1718 1246 1802 Epicuri
1289 1721 1448 1786 deus
1491 1719 1899 1786 nominatur:
1958 1739 2083 1783 non
2125 1719 2389 1783 amiens
2430 1727 2566 1784 vota
2610 1740 2715 1785 nec
2758 1723 2957 1784 nostri

599 1824 898 1888 curiosus.
929 1823 1169 1888 Preces
1193 1841 1337 1888 eum
1361 1822 1656 1889 vetuisse
1673 1822 1865 1888 eloco
1888 1822 2083 1890 valde
2108 1825 2411 1903 corrupto
2434 1820 2717 1889 fortasse
2733 1822 2955 1906 colligi

598 1930 819 2008 potest
838 1925 881 1991 ⁶.
967 1925 1238 1991 Metro
1258 1926 1510 1991 dorus
1554 1942 1807 2005 quoque
1850 1923 2131 1990 omnium
2170 1923 2634 2005 discipulorum
2664 1925 2951 2007 Epicuro

601 2027 978 2095 carissimus
1049 2029 1404 2094 secundum
1462 2026 1822 2094 Lucianum
1898 2027 2086 2108 Iupp.
2131 2032 2300 2110 trag.
2360 2045 2411 2093 c.
2456 2029 2542 2093 22
2596 2047 2823 2109 preces
2888 2034 2958 2095 et

599 2130 923 2199 sacrificia
1009 2130 1393 2212 repudiasse
1473 2130 1756 2197 videtur.
1880 2131 2103 2211 Atque
2177 2130 2244 2195 H
2260 2148 2534 2196 ermar
2553 2131 2753 2197 chus
2842 2132 2956 2212 qui

598 2239 749 2317 post
807 2233 1084 2315 Epicuri
1140 2238 1413 2299 mortem
1472 2234 1735 2299 scholae
1786 2237 2128 2315 praeerat,
2191 2235 2547 2299 secundum
2606 2232 2909 2300 Proclum
2933 2235 2957 2270 ⁷

599 2342 828 2403 contra
872 2335 1170 2402 Platonis
1228 2338 1434 2403 verba
1485 2335 1648 2402 Tim.
1693 2337 1776 2401 27
1799 2336 1848 2400 G
1905 2337 2077 2401 hanc
2120 2335 2728 2402 conclusiunculam·
2762 2336 2956 2402 falla-

600 2458 737 2506 cem
780 2438 1074 2521 protulit,
1133 2455 1265 2518 qua
1323 2455 1470 2503 eum
1522 2455 1751 2518 preces
1795 2437 2179 2519 repudiasse
2224 2441 2538 2519 apparet:
2583 2435 2747 2499 ἀλλὰ
2786 2447 2954 2514 πῶς,

601 2539 800 2627 φησὶν
844 2536 880 2602 ὅ
922 2539 1356 2625 ΤΛτικούρειος
1398 2536 1762 2623 Ἕρμαρχος
1782 2537 1809 2576 ⁸
1868 2537 1981 2602 οὐκ
2041 2535 2135 2614 εἰς
2192 2538 2469 2620 ἄπειρον
2531 2539 2808 2623 πρόῑμεν
2826 2587 2841 2616 ,
2902 2539 2961 2603 εἰ

601 2641 717 2706 ἐπὶ
760 2640 996 2716 παντὸς
1038 2638 1203 2726 ὁρμῇ
1247 2640 1361 2703 καὶ
1388 2650 1654 2724 σμικροῦ
1673 2642 2052 2725 πράγματος
2096 2640 2277 2727 εὐχῆς
2319 2640 2641 2724 δεόμεθας
2685 2642 2797 2706 καὶ
2830 2641 2952 2726 γὰρ

600 2743 707 2808 ἵνα
750 2743 1094 2826 εὖξώμεθα
1119 2742 1321 2807 πάλιν
1363 2741 1552 2829 ἄλλης
1579 2742 1762 2829 εὐχῆς
1791 2740 2016 2829 δεήσει,
2059 2744 2169 2807 καὶ
2198 2743 2484 2826 οὐδαμοῦ
2511 2743 2883 2830 στησόμεθα
2911 2746 2954 2806 ⁹.
3025 2789 3031 2795 ·

778 2916 798 2947 ¹
834 2915 915 2971 cf.
951 2933 1012 2969 π.
1050 2914 1223 2981 εὔσεβ.
1263 2914 1378 2985 109,
1413 2914 1476 2984 8;
1513 2915 1579 2969 de
1614 2931 1750 2969 mus.
1787 2914 1837 2984 4,
1875 2914 1974 2968 col.
2010 2915 2061 2968 4.

773 3001 951 3056 Zeller
984 3001 1073 3055 III
1110 3001 1139 3053 1
1186 3017 1239 3069 p.
1275 2999 1392 3068 437,
1430 3001 1490 3054 2:
1539 2999 1920 3055 Philoclem.
1963 3017 2018 3049 π.
2067 2997 2240 3066 εὐσεβ.
2288 3000 2345 3054 S.
2381 2999 2563 3068 108ff.
2616 3001 2806 3070 Gomp.
2838 2999 2958 3071 θέοι

598 3086 714 3141 sich
759 3086 891 3141 viele
938 3085 1137 3154 Mune,
1196 3084 1284 3139 die
1328 3084 1729 3155 Fr6mmi9keit
1778 3084 2048 3154 Epikur‘s
2095 3084 2250 3140 nicht
2294 3086 2415 3152 bloss
2461 3102 2566 3140 aus
2610 3086 2798 3141 seim
2842 3086 2959 3141 An·

601 3171 809 3227 sichtcn
842 3170 976 3225 iiber
1011 3169 1098 3225 dic
1140 3169 1349 3239 Gb'tter,
1398 3169 1632 3224 sondcrn
1679 3169 1819 3224 auch
1866 3186 1972 3225 am
2011 3170 2215 3225 seinem
2241 3171 2620 3241 personliche‘n
2667 3171 2953 3227 Verhalten

599 3273 669 3311 zu
705 3255 979 3320 beweisen,
1014 3255 1134 3309 und
1168 3272 1226 3308 cr
1260 3255 1447 3309 macht
1477 3255 1543 3309 in
1577 3255 1673 3310 der
1707 3255 1959 3310 letzteren
1991 3256 2309 3327 Bezielnmq
2345 3300 2357 3311 .
2397 3302 2408 3313 .
2448 3300 2461 3313 .
2491 3256 2702 3328 geltend
2736 3256 2816 3327 (S.
2838 3258 2957 3324 118,

602 3344 714 3397 126
722 3342 802 3410 ff.,
837 3343 977 3412 146),
1013 3340 1123 3407 ἅαβ
1154 3340 1251 3395 der
1271 3340 1570 3411 Philosoph
1602 3341 1719 3397 sich
1752 3359 1830 3396 cm
1866 3341 1971 3396 den
1993 3342 2210 3412 Ecaten,
2252 3342 2464 3413 Opfern
2498 3343 2616 3398 und
2649 3343 2956 3414 Mystcrien

535 3472 543 3479 .
601 3427 780 3482 scinco·
816 3426 1135 3483 Vaterstadt
1174 3426 1414 3496 betciliyt
1448 3426 1567 3481 und
1595 3426 1743 3481 scine
1771 3426 2032 3482 Fremzclc
2056 3427 2363 3497 yleichfalls
2396 3428 2541 3483 dazu
2580 3427 2959 3499 autyefwdcrt

603 3512 752 3568 habe.
1064 3511 1087 3543 ²
1122 3513 1204 3568 Of.
1240 3529 1405 3582 supra
1437 3530 1489 3582 p.
1524 3512 1620 3582 203
1657 3513 1886 3568 21-22.

777 3597 800 3630 ⁸
832 3599 898 3655 Ε.
932 3616 989 3669 g.
1024 3598 1234 3654 dictum
1270 3598 1388 3653 eius
1422 3598 1582 3669 Diog.
1617 3598 1678 3652 L.
1703 3598 1758 3653 X
1783 3598 1912 3653 123:
1947 3597 2154 3664 Ἀσεβήε
2188 3595 2235 3649 δ’
2255 3599 2351 3662 οὐχ
2381 3598 2411 3652 ὁ
2435 3598 2559 3654 τοὺς
2592 3601 2708 3651 τῶν
2741 3595 2959 3650 πολλων

600 3684 767 3739 θεοὺς
793 3681 1056 3752 ἀναιρῶν,
1092 3680 1209 3734 ἀλλ’
1246 3682 1276 3735 ὃ
1300 3681 1398 3738 τὰς
1429 3685 1544 3735 τῶν
1567 3680 1787 3735 πολλῶν
1809 3681 1962 3743 δόξας
1989 3685 2141 3739 θεοῖς
2162 3683 2517 3754 προσάπτων.
2589 3685 2669 3740 Cf.
2694 3685 2955 3753 Porphyr.

601 3770 671 3825 ad
703 3770 867 3824 Marc.
905 3769 987 3825 17.
1396 3767 1423 3800 ⁴
1458 3769 1541 3824 Of.
1577 3785 1744 3839 supra
1777 3786 1831 3839 p.
1868 3770 1949 3840 10,
1988 3770 2070 3840 14,
2110 3769 2192 3824 16.

780 3855 801 3888 ⁵
834 3872 888 3911 v.
925 3854 1035 3910 Cic.
1073 3861 1212 3910 orat.
1248 3853 1308 3910 in
1342 3855 1406 3910 L.
1441 3855 1696 3911 Pisonem
1731 3856 1819 3925 25,
1854 3856 1939 3910 59.
2749 3871 2754 3876 ·

774 3940 799 3973 ⁶
831 3940 1129 3997 Philodem.
1164 3957 1228 3993 π..
1259 3937 1432 4006 alasa.
1472 3957 1516 3996 c.
1554 3941 1621 3995 11
1635 3962 1650 4010 ;
1695 3941 1847 3996 Diels
1865 3984 1879 4011 ‚
1933 3942 2170 4011 Doxogr.
2217 3941 2401 4010 graeci
2435 3957 2489 4009 p.
2525 3940 2627 3994 544
2638 3941 2834 3994 '’—545
2849 3941 2872 3972 ¹³
2908 3942 2955 3997 7.

778 4026 799 4057 ⁷
835 4025 1132 4081 Comment.
1168 4025 1228 4082 in
1262 4026 1408 4081 Plat.
1445 4026 1586 4081 Tim.
1623 4026 1750 4081 661⁴]
1787 4026 1871 4081 ed.
1908 4026 2087 4081 Diehl.

776 4110 799 4143 ⁸
833 4125 886 4165 v.
923 4110 1023 4167 vit.
1057 4110 1210 4180 Epic.
1247 4112 1317 4166 25
1349 4111 1410 4167 in
1443 4112 1538 4167 Us.
1574 4111 1857 4180 Epicureis
1893 4128 1945 4181 p.
1970 4111 2089 4166 369.

773 4194 798 4227 ⁹
833 4195 1105 4262 Quomodo
1139 4196 1476 4265 Porphyrius
1522 4198 1665 4252 hanc
1710 4196 1954 4265 ineptam
2010 4196 2329 4251 Hermarchi
2360 4195 2778 4262 ,cavillationem
2823 4195 2972 4250 reie-'

600 4281 752 4351 cerit,
787 4279 1039 4336 invenies
1074 4281 1174 4336 sub
1212 4281 1375 4337 finem
1410 4281 1637 4337 huiusce
1672 4281 1862 4337 libelli.
