3509 5067
658 395 744 461 54
1573 377 1841 451 Henriou's
1876 396 2118 453 Schmidt
2369 409 2372 414 ⁴
2913 400 3021 488 [54

652 564 851 647 entia,
889 565 1130 632 bonum
1159 567 1230 631 et
1258 562 1601 647 pulchrum
1638 570 1894 647 ponunt
1922 566 1995 631 in
2023 566 2241 633 salute
2267 567 2488 651 animi,
2533 587 2663 635 non
2707 568 2779 636 in
2822 573 3018 639 rebus

652 667 957 734 humanis
1015 672 1086 734 et
1142 666 1414 733 fortuna
1471 669 1763 734 secunda
1820 672 1909 751 et,
1970 686 2115 735 cum
2173 670 2442 736 deorum
2484 671 2971 753 providentiam
2993 674 3019 713 1

654 771 744 837 ad
787 770 1004 837 omnia
1046 769 1488 852 pertinentem
1530 770 1855 854 noverint,
1900 771 2056 837 deos
2100 770 2431 856 invocant,
2485 777 2560 840 ut
2603 774 2675 840 in
2718 776 3017 844 omnibus

651 873 851 939 rebus
895 890 969 939 se
1019 871 1340 939 adiuvent
1396 871 1748 940 clementia
1805 876 1877 940 et
1933 872 2352 955 benignitate
2410 875 2749 943 numinum
2792 877 2953 945 freti
2974 878 3017 945 ².

823 973 1256 1041 Providentia
1314 973 1541 1043 diviua
1600 974 1792 1057 quasi
1849 974 2275 1043 fundamento
2333 978 2789 1059 precationum
2831 981 2892 1046 A
2909 1000 2974 1047 m
2989 1018 3017 1031 -

651 1096 716 1143 m
731 1094 768 1144 o
784 1075 870 1142 ni
888 1095 931 1142 u
946 1095 979 1143 s
1022 1094 1277 1158 quoque
1307 1076 1621 1143 Hermiae
1663 1077 1838 1144 filius
1867 1078 2129 1162 nititur,
2175 1078 2287 1160 qui
2316 1098 2357 1146 a
2402 1080 2636 1147 Proclo
2681 1081 3015 1164 profectus

654 1183 774 1246 est.
861 1178 1295 1247 Providentia
1315 1178 1342 1218 ⁸
1383 1178 1675 1263 singulos
1733 1179 2040 1249 adiuvari
2091 1200 2477 1264 persuasum
2520 1183 2741 1267 habet,
2801 1187 3017 1266 quoad

651 1286 1145 1349 commoventur
1189 1280 1432 1351 divinis
1475 1284 1675 1349 rebus
1694 1282 1738 1348 ⁴.
1828 1282 2072 1350 Contra
2126 1284 2258 1351 alio
2301 1286 2443 1352 loco
2462 1286 2490 1324 ⁶
2546 1305 2776 1367 preces
2819 1306 3014 1354 exau-

651 1383 784 1450 diri
829 1382 1142 1467 affimat,
1195 1402 1340 1450 cum
1368 1383 1578 1451 refert
1622 1386 1707 1451 ad
1737 1403 1837 1468 ea,
1881 1404 2049 1467 quae
2092 1385 2163 1450 αἱ
2190 1386 2609 1467 πολύπειχοι
2646 1399 2776 1452 τῶν
2815 1390 3017 1454 θείων

652 1484 978 1572 ἐνεργειῶν
1019 1495 1456 1572 πραγματεῖαι
1501 1492 1572 1554 et
1614 1486 1953 1554 cotidiana
1996 1490 2295 1572 exempla
2338 1491 2572 1557 docent
2592 1491 2635 1557 ⁶.

821 1589 986 1656 Sim
999 1609 1043 1672 p
1059 1589 1084 1654 l
1099 1589 1124 1655 i
1140 1608 1176 1655 c
1190 1588 1216 1654 i
1230 1608 1276 1655 u
1293 1608 1353 1672 s,
1384 1608 1552 1656 uuus
1575 1608 1611 1656 e
1634 1590 1901 1657 summis
1925 1591 1985 1657 N
1987 1591 2473 1676 eo-Platonicis,
2502 1592 3007 1678 paenitentiam,

650 1710 902 1760 morum
952 1691 1133 1759 vitae
1178 1692 1718 1777 emendationem,
1760 1692 2205 1775 precationem
2250 1700 2589 1778 comparat
2633 1714 2778 1762 cum
2823 1715 3012 1780 nave,

653 1812 824 1875 quae
853 1793 1188 1877 deligatur
1216 1796 1302 1861 ad
1332 1813 1624 1862 ancoras,
1713 1796 1979 1862 Ancora
2009 1796 2182 1863 enim
2225 1797 2343 1863 ubi
2370 1796 2649 1880 primum
2693 1798 3013 1881 substitit,

652 1896 964 1980 homines,
1011 1914 1406 1978 quamquam
1449 1915 1520 1963 se
1566 1899 1757 1964 deum
1814 1900 1899 1965 ad
1942 1917 2015 1966 se
2059 1901 2334 1966 trahere
2377 1900 2747 1984 opinantur,
2791 1907 3012 1968 tamen

651 2016 725 2065 se
768 1997 945 2080 ipsos
988 1999 1075 2063 ad
1121 1999 1313 2065 deum
1371 1999 1639 2066 trahere
1698 2001 1967 2083 exponit
1994 2001 2032 2068 ⁷.
2129 2003 2208 2068 In
2252 2002 2384 2069 fine
2440 2001 2598 2068 libri
2659 2004 2852 2070 deum
2894 2004 3011 2070 im-

648 2100 887 2184 plorat,
917 2119 1000 2167 ne
1020 2119 1330 2182 umquam
1352 2102 1789 2170 obliviscatur
1817 2102 2020 2170 animi
2041 2103 2474 2187 ingenuitatis
2498 2109 2701 2186 atque
2730 2106 3008 2188 pudoris.

649 2201 838 2270 Petit
894 2221 936 2268 a
993 2203 1114 2269 deo
1187 2208 1265 2270 ut
1323 2204 1580 2272 animus
1640 2224 1859 2273 errore
1910 2206 2238 2273 liberatus
2290 2206 2677 2289 perficiatur
2745 2213 2815 2274 et
2858 2222 3003 2276 con-

648 2305 968 2388 iungatur
1009 2323 1156 2372 cum
1201 2323 1329 2373 uno
1373 2326 1532 2375 vero
1579 2309 1698 2376 deo
1720 2308 1764 2375 ⁸.

832 2474 852 2506 ¹
887 2474 968 2530 Of.
1004 2475 1263 2531 coc—E.
1576 2476 1599 2508 ²
1621 2477 1882 2532 6613—0.

825 2559 848 2592 ⁸
882 2559 961 2614 Ut
994 2559 1088 2629 sol,
1124 2577 1232 2616 uon
1266 2562 1488 2617 consilio
1535 2562 1736 2632 habito,
1785 2562 1881 2619 sed
1929 2563 2060 2632 quia
2104 2569 2204 2633 est,
2241 2562 2422 2619 omnia
2465 2564 2586 2618 luce
2631 2563 2876 2633 complet,
2922 2564 3005 2621 ita

649 2644 996 2715 providentia
1023 2660 1236 2715 quoque
1259 2646 1326 2702 ob
1348 2646 1407 2701 id
1429 2646 1624 2718 ipsum,
1661 2649 1806 2717 quod
1828 2655 1929 2718 est,
1964 2664 2052 2705 res
2074 2650 2342 2705 humanas
2366 2648 2528 2719 regit,
2563 2649 2630 2704 cf.
2655 2648 2771 2705 eius
2805 2648 3005 2704 librum

650 2732 776 2799 περὶ
810 2730 1093 2800 ἑρμηνείας
1128 2731 1230 2801 (ed.
1266 2732 1458 2800 Busse)
1495 2732 1597 2788 108
1631 2733 1933 2803 (comment.
1967 2734 2027 2790 in
2062 2735 2291 2791 Aristot.
2326 2751 2411 2804 gr.
2436 2734 2543 2791 vol.
2578 2734 2659 2790 IV
2692 2750 2820 2803 pars
2848 2734 2937 2804 V).

821 2814 849 2846 ⁴·
886 2817 1034 2885 Περὶ
1079 2818 1196 2886 ἒρμ.
1249 2817 1385 2873 321:
1433 2816 1653 2883 Ῥητέον
1706 2860 1719 2873 .
1757 2860 1771 2873 .
1808 2858 1822 2871 .
1870 2817 1956 2871 ὅτι
2006 2817 2249 2889 λογικοὺς
2300 2819 2434 2886 ἡμᾶς
2486 2822 2577 2869 καὶ
2628 2817 3007 2885 αὐτοκινήτσυς

645 2897 1044 2965 ὑποστήσαντες
1113 2904 1166 2953 οὶ
1201 2903 1330 2954 θεοὶ
1363 2899 1582 2954 πολλῶν
1613 2901 1863 2972 πράξεων
1898 2908 2110 2975 κυρίους
2145 2903 2363 2959 εἰκότως
2385 2906 2736 2969 κατέστησαν,
2773 2902 3008 2974 ὁρῶντες

648 3004 709 3036 τε
743 2985 926 3057 πάντα
959 2988 1029 3038 τὰ
1063 2986 1314 3054 ἡμέτερα,
1362 2987 1639 3058 ἀτρέπτως
1672 2994 1763 3040 καὶ
1794 2985 1890 3045 τὰς
1922 2992 2107 3046 θέσεις
2138 2990 2233 3045 τὰς
2277 2989 2535 3059 ἡμετέρας
2579 2985 3008 3060 παραδεχόμενοι

647 3069 788 3139 πρὸς
831 3071 1193 3139 ταύταςῦμτν
1240 3072 1374 3141 πρὸς
1430 3074 1801 3140 αὐτοκινήτοις
1845 3076 1911 3128 τὸ
1955 3073 2071 3127 κατ’
2106 3074 2260 3134 α’ξίαν
2305 3072 2650 3145 ἀφορίζουσα,
2696 3072 2905 3140 μᾶλλον
2950 3071 3008 3125 δὲ

648 3153 800 3221 ἶμετς
833 3151 921 3208 διὰ
953 3158 1068 3209 τῶν
1102 3158 1190 3209 ἐπὶ
1222 3172 1338 3214 ταῖς
1372 3160 1561 3211 θέσεσι
1594 3156 1822 3211 τοιῶνδε
1857 3162 2189 3230 φαντασιῶν,
2225 3158 2458 3231 ὄρέξεαὶν
2484 3179 2546 3213 τε
2579 3163 2670 3211 καὶ
2704 3157 3006 3229 ἐγκλίσεων,

647 3237 862 3293 τοιόνδε
907 3242 1041 3307 ζωῆς
1084 3241 1261 3295 τόπον
1309 3244 1368 3295 ἐν
1415 3246 1623 3300 ἑαυτοῖς
1668 3245 2156 3308 κατασκευάζοντες
2212 3245 2349 3298 κατὰ
2406 3250 2604 3298 τοῦτον
2660 3242 3007 3309 ἀπολαύομεν

646 3326 739 3389 τῆς
775 3328 1148 3394 προσηκούσης
1181 3327 1313 3394 ἡμῖν
1345 3329 1460 3381 τῶν
1496 3331 1649 3381 θεῶν
1683 3334 1962 3399 προνοίας.

822 3411 847 3443 ⁸
884 3412 1045 3469 1082..
1356 3414 1380 3448 ⁶
1415 3415 1496 3470 Cf.
1531 3415 1707 3471 Zeller
1741 3417 1830 3471 111
1866 3416 1899 3469 2
1932 3432 1986 3485 p.
2021 3417 2141 3471 832.

824 3499 847 3530 ⁷
881 3498 1116 3568 Simplic.
1134 3499 1194 3554 in
1211 3499 1388 3569 Epict.
1411 3500 1612 3556 enchir.
1633 3501 1855 3557 Diibner
1875 3500 2011 3556 1840
2031 3519 2083 3570 p.
2108 3501 2226 3555 107.
2262 3501 2467 3556 Eadem
2490 3501 2733 3572 imagine
2752 3507 2811 3558 et
2832 3507 3006 3557 trans-

645 3583 854 3640 latione
886 3584 1069 3640 utitur
1104 3585 1351 3641 Clemens
1386 3586 1681 3641 Alexandr.
1717 3586 1913 3642 Sti-om.
1934 3586 2017 3642 IV
2040 3587 2108 3639 23
2141 3603 2195 3656 p.
2223 3586 2327 3641 633
2349 3587 2498 3642 Pott.
2570 3587 2652 3642 Cf.
2688 3603 2741 3642 v.
2765 3587 3006 3643 Lasaulx

648 3667 882 3723 Studien
916 3685 970 3738 p.
1009 3669 1110 3724 148
1121 3686 1263 3739 sqq.;
1302 3670 1842 3739 Pseudo-Dionysius
1878 3671 1945 3727 de
1968 3671 2170 3728 divinis
2204 3671 2512 3728 nominibus
2547 3672 2582 3726 3
2607 3672 2697 3741 (cf.
2723 3672 2875 3727 Koch
2903 3672 3006 3728 Pe·

645 3752 962 3824 Dionysius
995 3771 1047 3824 p.
1086 3755 1226 3825 185).

821 3840 843 3872 ⁸
877 3840 1240 3897 Commentar.
1277 3841 1337 3897 in
1372 3841 1616 3911 Epicteti
1651 3842 1914 3899 enchirid.
1951 3844 2033 3899 ed.
2058 3843 2281 3899 Diibner
2316 3860 2369 3912 p.
2407 3843 2523 3897 138.

1623 4085 2031 4093 ——.—-———
