3509 5067
558 374 668 463 37]
897 375 1124 430 Veteres
1158 371 1465 442 philosophi
1499 372 1762 441 quomodo
1798 371 2162 428 iudicaverint
2195 372 2263 427 de
2297 371 2546 441 precibus
2823 374 2910 441 37

550 547 758 613 iorum
802 544 1141 613 observari
1183 544 1398 627 iussit,
1440 562 1613 610 man.
1655 545 1757 626 31,
1803 544 1875 609 5:
1931 541 2242 608 Σπένδειν
2286 541 2357 607 δὲ
2398 543 2509 607 καὶ
2550 544 2755 617 θύειν,
2800 544 2911 608 καὶ

549 647 969 729 ἀπάρχεσθαι
1024 645 1186 711 κατὰ
1241 645 1322 710 τὰ
1379 647 1627 731 πάτρια
1642 696 1658 729 ,
1717 642 2013 710 ἑκάστοτε
2069 646 2382 732 προσήκει
2436 648 2745 728 καθαρῶς
2799 647 2912 711 καὶ

546 750 631 836 μὴ
690 746 1209 834 ἐπισεσυρμένως
1265 747 1426 836 μηδὲ
1484 747 1736 832 ἀμελῶς
1783 747 1959 836 ,μηδέ
2011 771 2085 834 γε
2148 749 2468 835 γλίσχρως
2523 747 2685 836 μηδὲ
2742 745 2910 837 ὑπὲρ

549 852 834 936 δύναμιν.

717 956 1186 1024 Bonhoefferus
1204 974 1358 1024 vero
1376 954 1497 1019 Die
1517 954 1711 1020 Ethik
1733 955 1841 1020 des
1864 954 2138 1020 Stoilcers
2159 954 2413 1038 Epiktet
2430 974 2492 1036 p.
2518 957 2601 1022 76
2617 954 2860 1023 Zelleri
2882 957 2909 995 ¹

546 1060 892 1143 impugnat
921 1057 1338 1141 sententiam,
1377 1058 1508 1142 qui,
1552 1077 1696 1124 cum
1725 1057 2040 1125 innititur
2066 1057 2366 1140 Epicteti
2413 1057 2591 1124 dicto
2620 1056 2800 1140 (diss
2836 1058 2911 1125 11

545 1163 648 1245 20,
677 1162 788 1247 32)
833 1161 1126 1238 affirmat
1184 1161 1563 1244 Epictetum
1623 1161 1873 1227 cultum
1931 1163 2317 1228 observasse
2376 1165 2765 1244 argumento
2820 1162 2908 1229 ab

449 1289 461 1300 ·
547 1263 700 1331 utili
740 1266 1112 1331 adductum.
1200 1263 1446 1330 Contra
1487 1263 1957 1329 Bonhoefferus
2002 1262 2192 1329 dicit:
2237 1262 2343 1327 Er
2384 1267 2535 1345 muss
2574 1261 2697 1327 sich
2728 1263 2914 1328 selbst

546 1368 675 1448 auf
693 1366 830 1431 dem
858 1366 1086 1431 Boden
1115 1365 1421 1431 derselben
1452 1365 1593 1448 (der
1623 1365 2088 1451 Vollcsreliyion)
2118 1365 2367 1430 stehend
2382 1365 2626 1451 yefic‘hlt
2652 1364 2848 1430 haben
2867 1365 2909 1432 2.

718 1486 1098 1567 Sequuntur
1141 1486 1458 1551 nonnulla
1499 1486 1582 1551 de
1626 1485 1933 1567 precibus
1978 1485 2177 1568 dicta,
2219 1484 2603 1552 reverentia
2640 1486 2907 1552 deorum

545 1594 616 1654 et
658 1588 914 1671 pietate
957 1592 1028 1655 et
1055 1587 1374 1671 religione
1417 1586 1609 1667 qnasi
1652 1586 1926 1669 imbuta,
1970 1606 2141 1667 quae
2179 1587 2614 1654 dubitandum
2645 1588 2908 1669 quidem

544 1695 664 1774 est,
721 1709 877 1755 num
921 1708 1040 1755 sno
1099 1690 1245 1756 iure
1292 1687 1593 1772 Epicteti
1634 1707 1869 1755 nomen
1912 1707 2075 1770 prae
2119 1706 2193 1755 se
2235 1689 2460 1755 ferant
2480 1688 2524 1754 ⁸.
2613 1689 2745 1756 Sed
2787 1694 2907 1756 aut

541 1791 896 1874 Epictetus
942 1796 1172 1858 auctor
1202 1796 1306 1857 est
1349 1797 1467 1856 ant
1496 1790 1755 1858 Stoicus
1795 1791 2084 1857 eiusdem
2130 1790 2373 1857 aetatis
2417 1810 2498 1857 ea
2529 1792 2906 1874 composuit,

541 1894 655 1975 qui
712 1913 754 1960 a
813 1899 1033 1961 mente
1098 1898 1170 1960 et
1226 1894 1573 1961 voluntate
1630 1892 1930 1976 Epicteti
1988 1912 2117 1959 non
2173 1893 2590 1961 abhorrebat.
2678 1894 2906 1960 Mente

542 1996 713 2063 enim
757 2002 834 2063 ut
863 1996 931 2063 di
960 1996 1266 2063 colantur
1293 1996 1606 2081 postulat,
1650 2014 1859 2077 aeque
1905 2000 2104 2076 atque
2148 1996 2514 2079 EpictetuS,
2559 2015 2688 2062 non
2733 1997 2908 2063 bona

541 2100 828 2182 corporis
891 2101 1009 2165 sed
1069 2098 1273 2165 animi
1326 2101 1620 2181 petenda
1663 2118 1809 2165 esse
1855 2098 2040 2182 dicit,
2092 2119 2154 2181 p.
2201 2099 2329 2164 479
2389 2099 2515 2181 (ed.
2558 2097 2904 2184 Schenkl):

544 2205 598 2267 1.
648 2201 843 2277 Θεοὺς
885 2199 1106 2287 δικαίᾳ
1161 2201 1273 2265 καὶ
1314 2204 1749 2287 μεμετρημένῃ
1810 2200 2109 2265 διαθέσει
2165 2203 2341 2283 τίμα,
2388 2199 2549 2264 ἀλλὰ
2606 2200 2693 2286 μὴ
2751 2199 2908 2284 ἀμέ-

539 2326 715 2389 τροις
759 2303 1032 2389 δωρεαῖς
1073 2302 1372 2368 κολάκευε
1418 2350 1431 2366 .
1481 2351 1496 2367 .
1547 2350 1563 2367 .
1613 2352 1627 2366 .
1671 2306 1859 2380 θεοῖς
1888 2306 2029 2388 θῦε,
2071 2303 2177 2390 μὴ,
2207 2303 2389 2388 ἡνίκα
2420 2304 2501 2368 ἂν
2526 2304 2904 2390 πλουτήσῃς,

541 2404 681 2470 ἀλλ’
723 2405 908 2489 ἡνίκα
951 2405 1027 2470 ἂν
1069 2405 1409 2492 φρονήσῃς.
1500 2409 1557 2474 2.
1600 2407 1792 2493 Παρὰ
1828 2409 2003 2471 θεῶν
2051 2406 2139 2493 μὴ
2183 2415 2407 2492 συνεχῆ
2448 2405 2616 2471 α’ίτει
2660 2403 2904 2490 ὑγίειαν

539 2512 850 2591 σώματος,
881 2506 1047 2574 ἀλλὰ
1076 2507 1378 2597 διηνεκῶς
1404 2510 1692 2595 λάμβανε
1721 2511 2136 2596 σωφροσύνην
2167 2517 2378 2595 ψυχῆς
2402 2557 2416 2571 .
2444 2560 2459 2576 .
2489 2557 2504 2571 .
2551 2511 2609 2577 3.
2640 2562 2654 2576 .
2678 2561 2694 2577 .
2719 2562 2733 2577 .
2757 2508 2904 2574 τότε

539 2633 645 2676 σοι
689 2609 1170 2676 εἰσακούσουσιν
1222 2611 1285 2677 οἱ
1326 2614 1519 2686 θεοὶ,
1575 2611 1756 2696 ἡνίκα
1813 2613 1893 2677 ἂν
1935 2611 2022 2698 μὴ
2065 2611 2219 2700 περὶ
2261 2622 2391 2676 τῶν
2435 2610 2638 2696 ἡδέων
2656 2662 2671 2692 ,
2735 2611 2901 2677 ἀλλὰ

536 2715 690 2800 περὶ
731 2726 859 2777 τῶν
900 2714 1115 2779 καλῶν
1157 2713 1326 2800 εὔχῃ.
1416 2718 1474 2781 4.
1523 2762 1537 2778 .
1585 2768 1601 2782 .
1645 2761 1661 2777 .
1708 2714 2047 2797 εὐχόμενος
2102 2725 2442 2801 τοιγαροῦν
2490 2717 2676 2791 θεοῖς
2733 2712 2902 2779 α’ίτει

534 2815 617 2880 τὰ
656 2821 812 2881 θεῖα
829 2817 876 2885 ⁴.

535 2986 877 3042 immortales
908 2988 976 3042 de
1009 3004 1109 3043 ειιο
1143 2987 1338 3043 scelere
1376 2990 1613 3043 testatur
1644 3006 1818 3057 neque
1862 2988 2146 3058 intellegit,
2193 2988 2398 3057 pietate
2444 2992 2499 3043 et
2540 2988 2802 3059 religione
2847 2992 2900 3044 et

534 3072 702 3127 iustis
737 3073 995 3142 precibus
1040 3072 1266 3128 deo-rum
1311 3077 1529 3141 mentes,
1576 3090 1691 3129 non
1737 3074 2124 3129 contaminata
2169 3074 2559 3144 superstitione
2609 3090 2778 3143 nequ-e
2823 3073 2901 3129 ad

533 3158 707 3212 scelus
732 3158 1130 3227 perficiendum
1166 3159 1337 3214 eaesis
1371 3159 1567 3214 hostiis
1593 3175 1756 3229 posse
1781 3160 2023 3229 pheari.
2097 3159 2266 3214 Cuius
2312 3176 2405 3229 eyo
2448 3160 2701 3227 furo-rem
2736 3162 2899 3229 atque

534 3243 917 3298 crudelitatem
964 3244 1089 3299 deos
1135 3244 1478 3300 immortales
1521 3262 1558 3299 α
1602 3245 1723 3300 suis
1769 3244 1890 3299 aris
1942 3248 2104 3314 atque
2153 3245 2369 3315 templis
2415 3248 2740 3314 aspernatos
2785 3262 2899 3301 esse

535 3328 756 3398 confido.
827 3330 1040 3385 Similia
1072 3332 1338 3401 leguntur
1371 3331 1430 3386 in
1464 3331 1644 3386 Persii
1678 3336 1783 3387 sat.
1817 3331 1893 3388 H.

713 3416 729 3448 ¹
765 3416 856 3470 111
894 3416 922 3468 1
959 3432 1010 3484 p.
1047 3416 1167 3472 312.

711 3500 733 3531 ²
765 3501 1152 3557 Bonhoefferus
1177 3518 1230 3570 p.
1247 3501 1316 3556 83
1334 3519 1369 3557 a
1386 3519 1445 3557 se
1468 3502 1585 3572 ipso
1608 3501 1873 3558 dissidere
1895 3501 2211 3571 Epictetum
2227 3502 2485 3572 ostendit,
2504 3518 2626 3557 cum
2646 3503 2758 3557 alia
2774 3507 2895 3558 tum

536 3585 670 3641 haee
705 3592 1000 3643 annotans:
1051 3586 1126 3641 So
1159 3586 1333 3657 weniq
1365 3587 1472 3641 wir
1505 3586 1689 3642 daran
1721 3586 1971 3654 zweifeln
2002 3587 2228 3654 diirfen,
2281 3586 2390 3654 dall
2421 3602 2478 3641 es
2512 3586 2633 3641 dem
2667 3586 2897 3656 Epiktet

533 3671 641 3725 mit
670 3670 852 3725 seiner
872 3671 1184 3743 Schiitztmq
1205 3672 1298 3728 des
1320 3672 1671 3728 bestehemten
1705 3672 1917 3728 Kultus
1949 3672 2218 3742 subjektiv
2241 3675 2395 3728 emet
2419 3689 2552 3741 war,
2588 3688 2649 3727 εο
2674 3677 2895 3728 mitesen

533 3754 638 3810 coir
672 3755 806 3811 doeh
837 3757 1084 3828 zuyebem,
1131 3757 1241 3824 άαβ
1271 3758 1360 3813 die
1392 3759 1754 3827 Konsequenz
1787 3757 1970 3813 seiner
2015 3757 2189 3813 hohen
2223 3757 2416 3813 Moral
2461 3758 2607 3828 eiqen
2615 3758 2747 3813 tlich
2790 3775 2895 3813 zur

544 3840 893 3913 Verwerfuny
923 3843 1059 3897 alles
1080 3846 1318 3910 iiusseren
1347 3843 1743 3913 Gotterkultus,
1779 3861 1850 3898 zu
1872 3844 2023 3898 einer
2045 3843 2231 3910 blossen
2253 3842 2545 3913 Anbettmy
2586 3842 2777 3899 Gottes
2811 3844 2894 3898 im

537 3925 698 3981 Geist
728 3927 849 3982 und
880 3927 946 3982 in
979 3927 1078 3982 der
1120 3928 1412 3984 Wahrheit
1441 3929 1649 3997 sithi-en
1682 3931 1878 3995 musste.
1949 3929 2101 3997 Quae
2136 3929 2354 3998 quidem
2399 3928 2460 3984 in
2493 3928 2742 3984 omnibus
2777 3930 2893 3985 fere

529 4012 860 4082 philosophis
895 4014 1081 4069 valere
1116 4014 1403 4070 dicendum
1439 4022 1540 4071 est.

703 4098 726 4129 ⁸
759 4098 877 4154 Hac
912 4099 981 4155 de
1015 4100 1330 4168 quaestione
1362 4101 1433 4157 Η.
1469 4101 1703 4156 Schenkl
1736 4100 1945 4156 iudicat
1978 4117 2031 4169 p.
2059 4101 2188 4155 479:
2223 4100 2359 4155 Etsi
2393 4116 2518 4154 cum
2562 4099 2895 4171 yviomoloqii

532 4182 830 4239 Stobaeani
874 4183 1061 4240 indole
1094 4185 1300 4256 eyreyie
1334 4187 1646 4256 concinunt,
1683 4186 1865 4241 nescio
1912 4203 1990 4240 an
2024 4185 2114 4240 hic
2149 4185 2327 4241 illicve
2357 4189 2618 4256 grassata
2652 4185 2732 4241 eit
2762 4184 2890 4241 imi·

529 4271 776 4324 tatorum
812 4269 1054 4326 licentia.

698 4354 725 4385 ⁴
757 4355 888 4411 Hie
903 4356 1127 4411 rooles
1152 4371 1363 4425 quoque
1388 4356 1505 4412 Sto
1519 4356 1668 4412 icus
1686 4356 1933 4413 Musonio
1955 4361 2012 4412 et
2029 4355 2281 4427 Epicteto
2299 4357 2630 4429 propinquus
2650 4362 2750 4413 est.
2787 4356 2889 4412 Oui
