3509 5067
519 356 588 446 9]
864 357 1091 413 Veteres
1124 354 1432 425 philosophi
1468 355 1731 423 quomodo
1769 354 2138 410 iudicaverint
2172 354 2240 409 de
2274 353 2524 424 precibus
2842 359 2884 421 9

522 533 791 611 tagoras
813 527 839 565 1
899 531 970 593 et
1012 526 1322 593 Melissus
1367 526 1623 593 Samius
1645 526 1688 609 ²,
1747 529 1869 591 aut
1922 525 2412 607 providentiam
2478 544 2625 593 esse
2682 545 2883 612 nega-

522 633 705 714 bant,
774 633 854 697 ut
911 629 1446 712 Thrasymachus
1467 628 1510 710 ⁸,
1575 627 2032 711 precationum
2098 646 2354 711 quoque
2418 628 2883 696 necessitatem

522 732 954 814 effectumque
1011 732 1459 814 sustulerunt,
1517 730 1674 811 quia
1718 729 1993 797 inutiles
2052 748 2165 797 eas
2228 735 2299 797 et
2357 749 2885 814 supervacaneas

521 854 664 904 esse
708 834 838 902 sibi
879 838 1355 917 persuaserant
1373 833 1420 899 ⁴.

693 938 967 1021 Cyren
985 936 1067 1002 ai
1083 954 1119 1002 c
1135 956 1170 1003 o
1187 955 1220 1002 s
1277 935 1490 1019 igitur
1508 986 1525 1017 ,
1583 953 1745 1017 quos
1790 935 2140 1002 Prodicum
2197 935 2605 1003 haereticum
2661 936 2882 1003 imita-

518 1047 662 1108 tum
724 1059 872 1107 esse
932 1038 1097 1105 dicit
1113 1088 1129 1121 ,
1200 1056 1429 1120 preces
1487 1036 1637 1104 fieri
1695 1037 1994 1105 vetuisse
2060 1036 2271 1104 refert
2336 1038 2635 1105 Clemens
2694 1038 2883 1106 Alex

522 1149 751 1210 strom.
794 1141 927 1208 VII
969 1143 1085 1207 41:
1145 1139 1462 1203 Ἐνταῦθα
1507 1139 1845 1224 γενόμενος
1884 1137 2298 1226 ὑπεμνήσθην
2342 1150 2469 1203 τῶν
2512 1140 2704 1227 περὶ
2746 1152 2887 1205 τοῦ

519 1244 622 1331 μὴ
665 1242 841 1309 δεῖν
879 1242 1291 1323 εὔχεσθαι
1318 1241 1487 1328 πρός
1513 1265 1701 1306 τινων
1731 1238 2136 1327 ἑτεροδόξων,
2164 1242 2334 1306 τοῦτ’
2364 1238 2534 1307 ἔστιν
2560 1253 2685 1307 τῶν
2713 1241 2887 1327 ἀμφὶ

420 1404 425 1408 .
520 1347 630 1432 τὴν
684 1345 1009 1431 Προδίκου
1066 1343 1310 1431 αἵρεσιν
1366 1344 1942 1432 παρεισαγομένων
1987 1343 2342 1427 δογμάτων.
2397 1343 2504 1409 ἵνα
2563 1339 2672 1410 οὖν
2725 1343 2887 1432 μηδὲ

527 1449 638 1515 ἐπὶ
679 1451 873 1535 ταύτῃ
917 1448 1125 1513 αὐτῶν
1183 1458 1259 1533 τῇ
1304 1446 1488 1533 ἀθέῳ
1543 1450 1747 1531 σοφίᾳ
1804 1446 1895 1524 ὡς
1951 1448 2097 1531 ξένῃ
2142 1446 2569 1531 ὀγκύλλωνται
2621 1447 2884 1535 αἱρέσει,

519 1556 914 1635 μαθέτωσαν
944 1551 1390 1638 προειλῆφθαι
1417 1549 1534 1632 μὲν
1560 1549 1692 1614 ὑπὸ
1721 1561 1853 1613 τῶν
1879 1557 2291 1637 Κυρηναῖκῶν
2318 1550 2672 1635 λεγομένων
2699 1550 2886 1635 φιλο-

521 1655 751 1742 σόφων
772 1657 814 1723 ⁶.

692 1758 743 1825 C
758 1777 864 1842 yn
879 1759 906 1824 i
921 1759 1001 1824 ci
1031 1777 1113 1824 ex
1141 1764 1333 1841 parte
1366 1758 1569 1825 aliter
1597 1763 1800 1839 atque
1828 1758 2179 1842 Cyrenaici
2208 1758 2600 1826 iudicabant
2627 1760 2710 1825 de
2739 1778 2885 1842 pre-

520 1862 706 1929 cibus
728 1862 771 1927 ⁰.
861 1860 1079 1943 Magis
1122 1861 1295 1927 enim
1325 1862 1618 1928 Socratis
1657 1862 2025 1943 exemplum
2072 1860 2303 1945 secuti,
2347 1861 2537 1927 cuius
2568 1861 2883 1944 auspiciis

698 2033 718 2065 ¹
753 2033 834 2087 Cf.
871 2032 978 2088 Cic.
1016 2033 1083 2088 de
1117 2049 1171 2087 n.
1206 2033 1260 2086 d.
1296 2033 1327 2086 I
1354 2032 1438 2102 23,
1472 2032 1570 2100 633
1608 2032 1639 2086 Ι
1672 2032 1756 2099 42,
1790 2031 1919 2099 117;
1964 2031 2125 2100 Diog.
2161 2032 2224 2086 L.
2260 2032 2340 2085 IX
2364 2031 2431 2084 51
2468 2047 2536 2087 ex
2581 2031 2721 2087 libro
2755 2033 2886 2087 Pro-

519 2130 745 2189 tagorae
768 2122 893 2184 περὶ
929 2119 1085 2169 θεῶν
1114 2117 1398 2173 hauriens:
1444 2118 1587 2188 Περὶ
1620 2119 1738 2168 τῶν
1774 2118 1929 2168 θεῶν
1967 2114 2065 2168 οὐκ
2100 2118 2202 2178 ἔχω
2228 2112 2441 2176 εἰδέναι,
2480 2114 2607 2168 οὐθ’
2634 2115 2705 2172 ὡς
2729 2118 2884 2176 εἰσίν,

524 2202 651 2255 οὗθ’
690 2202 763 2258 ὣς
799 2201 896 2255 οὐκ
931 2205 1066 2254 εἰσίν
1103 2202 1190 2272 (of.
1227 2203 1387 2258 Plato
1423 2203 1649 2258 Theaet.
1688 2203 1789 2256 162
1802 2202 1891 2273 D).

694 2290 718 2321 ⁸
752 2306 804 2345 v.
840 2288 903 2343 F.
940 2289 1004 2344 G.
1039 2289 1312 2357 Welcker,
1347 2288 1440 2343 Kl.
1478 2287 1598 2344 Βοὴ.
1635 2289 1696 2343 II
1730 2305 1783 2357 p.
1819 2288 1939 2342 526.

701 2373 723 2405 ⁸
758 2390 808 2429 v.
843 2373 1126 2429 Hermiam
1159 2373 1220 2428 in
1252 2374 1485 2429 Phaedr.
1521 2391 1573 2442 p.
1613 2373 1711 2427 192
1749 2374 1870 2429 Ast.

692 2458 719 2490 ⁴
753 2460 835 2514 cf.
894 2459 1146 2526 ProcluS,
1205 2464 1486 2514 comment.
1545 2459 1606 2514 in
1659 2460 1872 2514 Platon.
1933 2458 2075 2514 Tim.
2136 2459 2204 2512 64
2229 2460 2279 2513 A
2337 2458 2440 2529 (ed.
2488 2459 2653 2515 Diehl
2701 2459 2883 2528 1903):

514 2545 570 2597 Ὁ
595 2545 700 2610 μὲν
735 2539 1025 2612 φιλόσοφος
1059 2542 1380 2613 Πορφύριος
1405 2584 1416 2595 .
1455 2584 1467 2597 .
1507 2588 1520 2600 .
1555 2543 1881 2614 περιήγαγεν
1911 2542 2055 2610 ἡμᾶς
2089 2544 2174 2596 ἐπ’
2210 2538 2371 2599 ἄλλας
2404 2548 2495 2595 καὶ
2538 2540 2701 2599 ἄλλας
2734 2540 2887 2604 δόξας

518 2627 708 2698 λέγων,
730 2628 802 2683 ὥς
825 2626 1120 2695 συλλήβδην
1136 2631 1327 2688 εἰπεῖν,
1347 2627 1419 2684 ὥς
1439 2627 1563 2681 οὔτε
1587 2632 1640 2681 οἱ
1662 2629 1765 2693 τὴν
1782 2630 2007 2698 πρώτην
2031 2627 2311 2695 ἀθεότητα
2335 2630 2658 2695 νοσήσαντεε,ι
2681 2647 2770 2698 πρ
2786 2649 2887 2682 σσ-

519 2717 897 2768 ποιοῦνται
941 2713 1066 2778 τὴν
1099 2713 1234 2767 ἀπὸ
1269 2717 1386 2780 τῆς
1426 2714 1623 2780 εὐχῆς
1670 2709 2044 2784 ὠφέλειαν,
2096 2718 2152 2767 οἵ
2192 2735 2253 2785 γε
2286 2712 2422 2782 μηδὲ
2456 2713 2595 2766 εἶναι
2641 2712 2886 2786 λέγοντες

520 2799 705 2860 θεούς,
743 2798 868 2852 οὔτε
892 2803 945 2852 οἱ
965 2800 1069 2865 τὴν
1092 2797 1365 2869 δευτέραν,
1397 2801 1517 2852 ὅσοι
1539 2799 1640 2867 τὴν
1660 2802 1933 2870 πρόνοιαν
1956 2797 2128 2867 ἄρδην
2150 2802 2518 2870 ἀνατρέπουσι
2542 2799 2710 2854 θεοὺς
2745 2799 2885 2852 εἶναι

518 2882 770 2946 δίδοντες,
807 2879 936 2938 οὗθ’
971 2887 1025 2936 οἱ
1058 2889 1149 2936 καὶ
1183 2884 1323 2937 εἶναι
1356 2890 1445 2937 καὶ
1479 2899 1743 2955 προνοεῖν
1767 2884 1961 2941 αὐτοῦς
1995 2887 2411 2956 συγχωροῦντες,
2446 2882 2665 2938 ἅπαντα
2699 2883 2757 2937 δὲ
2790 2885 2882 2938 ἀπ’

520 2968 703 3023 αὐτῶν
747 2969 805 3030 ἐξ
846 2969 1077 3039 ἀνάγκης
1122 2973 1377 3041 γίνεσθαι
1423 2968 1532 3026 κτλ..
1632 2972 1714 3027 Cf.
1762 2971 1915 3043 Orig.
1962 2974 2088 3040 περὶ
2134 2970 2283 3036 εὐχῆς
2329 2972 2383 3028 V
2431 2972 2477 3026 1.
2570 2972 2885 3026 Alexander

519 3056 975 3127 Aphrodisiensis,
1001 3056 1097 3125 qni
1119 3057 1178 3111 in
1203 3056 1503 3113 Stoicorum
1527 3057 1594 3112 de
1617 3057 1732 3113 fato
1755 3057 2018 3113 iudicium
2041 3057 2340 3124 invehitur,
2365 3056 2467 3111 hoc
2488 3071 2703 3125 qnoque
2726 3056 2887 3112 affert

518 3144 635 3198 fato
658 3143 836 3211 posito
858 3142 977 3197 fieri
1000 3158 1108 3198 non
1129 3159 1302 3212 posse,
1327 3150 1393 3197 ut
1414 3159 1599 3212 preces
1625 3142 2007 3214 exaudiantur,
2032 3142 2099 3198 cf.
2126 3143 2321 3211 Zeller,
2346 3143 2434 3197 ΙΠ
2460 3144 2490 3196 1
2516 3158 2568 3211 p.
2595 3143 2724 3197 772:
2759 3142 2886 3197 Das

517 3227 942 3299 Hauptqewicht
979 3228 1086 3299 lcyt
1117 3227 1437 3283 Alexander
1461 3227 1576 3295 auf
1591 3227 1679 3282 dic
1703 3228 2060 3297 praktischen
2081 3227 2399 3298 Folqesc‘itzc
2421 3226 2513 3282 des
2534 3227 2887 3283 Fatalismus

518 3313 605 3382 (de
637 3315 754 3370 fato
789 3331 835 3369 c.
873 3315 938 3367 16
952 3313 1105 3383 sqq.),
1154 3312 1323 3368 wobei
1358 3332 1417 3368 er
1453 3313 1596 3368 auch
1631 3313 1718 3369 die
1755 3356 1769 3369 .
1798 3358 1809 3369 .
1837 3355 1849 3369 .
1888 3312 2279 3383 theoloyischen
2319 3312 2552 3369 (ἶνιῖηᾱε
2584 3313 2738 3368 nicht
2767 3330 2884 3368 ver-

521 3398 653 3468 y‘isst,
687 3398 797 3465 dal:
817 3398 1053 3454 darselbe
1101 3398 1188 3453 die
1233 3399 1550 3467 Vorsehzmy
1600 3398 1717 3453 und
1751 3398 1842 3454 die
1882 3398 2347 3469 Gebctserhiiruny
2381 3398 2613 3468 aufhebe
2647 3400 2735 3470 (de
2767 3400 2884 3455 fato

523 3483 626 3551 17).
695 3484 890 3539 Preces
924 3484 1149 3540 valeant
1183 3484 1455 3554 intactae,
1503 3486 1570 3539 de
1605 3484 1789 3540 anima
1825 3484 1954 3539 162:
1995 3482 2108 3536 ”Eu
2148 3480 2206 3534 δὲ
2239 3480 2445 3550 μᾶλλον
2478 3485 2550 3536 τᾶ
2588 3486 2751 3536 θετον
2796 3487 2887 3534 καὶ

520 3571 576 3619 αἱ
601 3568 659 3619 ἐκ
680 3566 880 3620 τούτου
903 3569 1180 3635 βοήθειαι,
1210 3573 1302 3621 καὶ
1326 3572 1382 3620 αὶ
1417 3568 1543 3640 παρ’
1567 3568 1726 3638 ἡμῶν
1762 3568 1914 3633 εὐχαί
1933 3589 1992 3622 τε
2016 3573 2106 3621 καὶ
2127 3566 2327 3635 δεήσεις
2349 3568 2451 3633 τὴν
2476 3571 2681 3621 οἰκείαν
2700 3565 2887 3639 χώραν

519 3649 859 3722 φυλάξουσιν.
941 3655 1021 3709 Cf.
1047 3654 1180 3711 ibid.
1216 3672 1268 3725 p.
1300 3656 1417 3726 184,
1456 3655 1523 3710 10
1540 3673 1654 3725 sqq.
1725 3657 1834 3711 Eos
1860 3656 1969 3726 qui,
2006 3672 2334 3724 quamquam
2360 3656 2538 3710 fatum
2562 3658 2882 3725 agnoscunt,

518 3745 703 3795 tamen
736 3745 1044 3810 precantur,
1080 3757 1260 3796 secum
1298 3742 1589 3798 dissentire
1613 3742 1870 3810 ostendit,
1907 3742 1975 3797 de
2010 3758 2098 3797 an.
2125 3742 2253 3795 161:
2288 3736 2438 3791 Ἀλλὰ
2471 3743 2561 3790 καὶ
2594 3752 2708 3794 τοτε
2731 3741 2886 3794 θεοῖς

519 3823 585 3876 οὗ
617 3820 983 3876 διαλείπουσιν
1028 3824 1327 3892 εὐχόμενοι,
1376 3826 1449 3881 ὥς
1488 3823 1791 3891 δυναμένου
1825 3845 1974 3881 τινος
2008 3825 2100 3878 ὑπ’
2135 3824 2320 3878 αὐτῶν
2355 3821 2442 3877 διὰ
2489 3823 2583 3881 ‘tois
2616 3822 2770 3888 εὐχὰς
2801 3844 2883 3893 γε·

515 3910 718 3961 νέσθαι
751 3913 843 3960 καὶ
876 3908 1026 3976 παρὰ
1058 3910 1162 3974 τὴν
1197 3913 1546 3980 εἱμαρμένην.
1615 3914 1698 3967 De
1733 3912 2030 3967 Plutarcho
2063 3913 2131 3967 cf.
2168 3912 2348 3967 Zeller
2382 3908 2471 3966 ΠΙ
2506 3911 2540 3964 2
2573 3927 2626 3979 p.
2662 3910 2780 3965 180.

685 3994 711 4027 ⁶
745 3995 829 4050 De
861 3995 1090 4052 Prodico
1124 3997 1398 4053 haeretico
1435 3998 1503 4052 cf.
1538 3997 1642 4052 Ad.
1677 3998 1938 4053 Harnack
1990 3996 2179 4052 Gesch.
2217 3996 2314 4051 der
2361 3995 2651 4051 altchristl.
2692 3995 2885 4051 Litt.1

515 4096 570 4148 p.
606 4079 865 4150 163sqq.;
908 4080 976 4136 cf.
1013 4083 1178 4137 Clem.
1216 4083 1371 4138 Alex.
1407 4088 1594 4138 strom.
1629 4083 1659 4137 I
1697 4082 1780 4152 15,
1815 4082 1912 4150 693
1947 4082 2061 4138 VII
2096 4076 2180 4153 16,
2217 4083 2335 4138 103.

686 4166 712 4198 ⁶
746 4166 955 4222 Tamen
990 4167 1349 4223 Antisthenes
1384 4184 1456 4223 ne
1502 4168 1832 4223 sacrificaret
1865 4167 2168 4223 recusabat.
2210 4168 2379 4224 Clem.
2417 4169 2573 4225 Alex.
2609 4169 2882 4237 Protrept.

515 4250 586 4305 64
610 4251 827 4321 (Pott.):
861 4250 939 4303 Οὐ
961 4254 1144 4322 τρέφω
1166 4251 1268 4317 τὴν
1289 4253 1501 4321 μητέρα
1533 4255 1648 4305 τῶν
1677 4253 1855 4312 θεῶν,
1890 4248 1962 4317 ἢν
1987 4254 2040 4305 οἱ
2062 4254 2192 4305 θεοὶ
2213 4256 2522 4325 τρέφουσιν.
2570 4254 2652 4310 Cf.
2676 4253 2883 4309 dictum

515 4334 632 4391 eius
643 4337 810 4392 Olem.
824 4337 981 4392 Alex.
997 4338 1191 4393 Strom.
1204 4340 1255 4394 V
1268 4338 1370 4391 714
1388 4338 1547 4393 Pott:
1577 4335 1769 4390 Οὗδενὶ
1781 4338 2014 4391 ἐοικέναι
2031 4338 2211 4408 (θεὸν)
2227 4342 2354 4409 φησὶ
2366 4338 2417 4410 (ὃ
2438 4336 2778 4410 Σωκρατικὸς
2790 4337 2878 4406 Ἄ)
