3509 5067
530 332 595 418 ¹7]
668 298 677 307 ⁸
882 331 1107 386 Veteres
1141 330 1444 399 philosophi
1481 331 1742 399 quomodo
1778 331 2142 387 iudicaverint
2174 332 2241 388 de
2276 332 2525 402 precibus
2850 338 2887 400 7

531 502 754 586 ἀγαθά
798 499 932 566 ἐστι
953 502 994 563 1.
1101 503 1245 568 Non
1287 502 1612 568 interesse
1671 520 1983 584 magnum
2030 506 2229 584 atque
2274 503 2686 586 splendidum
2743 524 2891 572 esse

532 605 922 672 sacrificium
943 606 986 688 2,
1031 605 1148 672 sed
1188 606 1428 671 bonam
1458 608 1738 670 mentem
1774 609 1975 685 atque
2004 606 2410 673 voluntatem
2448 606 2890 673 sacrificantis

532 709 853 775 sinceram
874 708 915 774 ⁸.
1042 706 1315 788 Semper
1368 708 1608 773 bonam
1682 713 1967 773 mentem
2025 708 2441 792 postulabat,
2516 728 2649 791 qua
2719 711 2892 777 bona

530 812 766 877 fierent
808 808 1021 890 facta3
1089 808 1588 876 reminiscamur
1645 809 1784 875 illis
1824 810 1986 892 ipsis
2044 811 2448 892 temporibus
2492 812 2891 898 Aeschylum

530 916 615 981 ab
659 913 1110 994 Aristophane
1171 911 1395 978 Cereri
1457 912 1938 994 supplicantem
1995 913 2219 980 induci
2277 913 2381 979 his
2424 914 2648 981 verbis
2704 916 2893 999 (Ran.

532 1014 884 1098 886—87):
948 1013 1252 1098 Δήμητερ,
1296 1012 1335 1095 ἡ
1382 1015 1698 1100 θρέψασα
1743 1012 1851 1098 τὴν
1894 1009 2045 1100 ἐμὴν
2088 1019 2310 1100 φρένα,
2365 1015 2375 1101 Ι
2415 1009 2582 1079 εἷναί
2636 1037 2719 1097 με
2768 1027 2894 1080 τῶν

532 1126 664 1179 σῶν
714 1113 897 1195 ἄξιον
936 1117 1293 1202 μυστηρίων
1311 1116 1354 1180 4.

702 1218 1010 1285 Socrates
1042 1218 1318 1284 multum
1347 1220 1750 1299 precabatur
1772 1220 1814 1283 ⁵.
1887 1218 2072 1284 Nihil
2112 1219 2274 1284 fecit
2304 1218 2447 1286 sine
2477 1219 2894 1286 invocatione

537 1323 818 1404 deorum,
857 1325 934 1387 ut
979 1322 1158 1402 apud
1200 1321 1701 1402 Xenophontem
1745 1320 2025 1403 legimus
2070 1320 2302 1387 Oecon.
2346 1321 2408 1387 V
2451 1321 2724 1405 19-2o‚
2768 1340 2894 1403 quo

533 1425 673 1489 loco
717 1423 1023 1489 Socrates
1069 1422 1250 1506 dicit,
1294 1422 1451 1503 quia
1494 1423 1603 1489 dei
1632 1427 1703 1489 et
1737 1423 2014 1490 bellicas
2060 1429 2128 1490 et
2159 1425 2444 1490 rusticas
2488 1442 2594 1490 res
2638 1429 2895 1507 regant,

533 1657 675 1713 θεὸν
691 1657 726 1711 ἃ
743 1657 894 1711 θέλει
911 1679 971 1711 τε
989 1662 1078 1711 καὶ
1097 1660 1245 1711 ἔστιν
1264 1660 1436 1714 αὐτός.
1474 1660 1794 1730 Apollonius
1816 1660 2118 1729 Tyanensis
2135 1661 2276 1716 hanc
2293 1661 2673 1731 precationem,
2694 1661 2895 1732 quippe

533 1760 672 1814 quae
705 1745 911 1815 optima
945 1750 1102 1815 esset,
1139 1745 1548 1802 commendabat
1584 1745 1864 1814 (Philostr.
1899 1762 1951 1802 v.
1976 1746 2079 1814 Ap.
2115 1746 2146 1800 I
2177 1746 2293 1817 11):
2319 1739 2388 1797 Ὦ
2420 1747 2561 1810 θεοί,
2599 1743 2777 1811 δοίητέ
2797 1767 2896 1813 μοι

532 1828 602 1898 ro}
635 1827 962 1898 ὀφειλόμενα
980 1849 993 1862 ·
1039 1827 1311 1899 ὀφείλεται
1343 1829 1449 1900 γάρ
1472 1849 1579 1882 που
1611 1873 1623 1885 .
1665 1873 1676 1886 .
1716 1872 1729 1885 .
1765 1844 1881 1884 τοῖς
1914 1832 2019 1894 μὲν
2052 1829 2222 1886 ὁσίοις
2266 1828 2506 1899 τάγαθά.
2577 1833 2658 1887 Cf.
2693 1832 2780 1888 IV
2812 1833 2896 1902 40,

532 1916 628 1986 20,
675 1932 780 1985 quo
824 1916 941 1971 loco
985 1916 1122 1972 dicit
1169 1932 1227 1972 se
1273 1921 1470 1972 cuncta
1522 1916 1579 1971 in
1640 1932 1808 1971 unam
1859 1917 2227 1985 precationem
2274 1917 2584 1987 complecti:
2632 1909 2698 1967 Ὦ
2746 1918 2894 1976 θεοί,

533 1997 711 2067 ὃοίητὲ
743 2020 840 2066 μοι
872 1999 943 2052 τὰ
977 1997 1314 2068 ὀφειλόμενα,

708 2086 729 2117 ²
764 2086 845 2142 Of.
869 2087 1056 2143 Valer.
1081 2087 1223 2142 Max.
1249 2088 1352 2155 (ed.
1376 2088 1610 2157 Kempf)‚
1648 2086 1744 2156 qui
1778 2093 2024 2143 nostrum
2048 2092 2264 2157 spectat
2298 2088 2473 2142 locum
2497 2088 2609 2144 VII
2630 2089 2665 2142 2
2699 2094 2810 2145 ext.
2838 2089 2895 2143 1:

537 2171 787 2226 Socrates
820 2171 1096 2226 humanae
1129 2172 1437 2241 sapientiae
1469 2172 1632 2241 quasi
1656 2171 1929 2241 quoddam
1966 2174 2223 2227 terrestre
2246 2173 2529 2227 oraculum
2565 2172 2711 2227 nihil
2743 2173 2896 2228 ultra

530 2257 825 2326 petendum
860 2273 897 2311 a
932 2257 1019 2312 dis
1054 2256 1461 2312 immortalibus
1495 2257 1883 2312 arbitrabatur
1916 2274 2098 2327 quam,
2134 2261 2203 2312 ut
2236 2258 2377 2313 bona
2412 2258 2731 2327 tribuerent,
2765 2259 2900 2327 'quia

535 2341 582 2396 ii
619 2341 836 2397 danum
870 2342 1092 2411 seirent,
1129 2342 1263 2411 quid
1294 2342 1590 2412 tcuicuique
1625 2347 1765 2399 esset
1794 2344 1947 2399 utile.

708 2427 732 2460 ²
768 2428 848 2483 Of.
883 2428 1130 2497 Xenoph.
1167 2428 1357 2483 Oecon.
1393 2429 1476 2482 XI
1508 2429 1687 2498 bsqq„
1724 2444 1831 2498 quo
1865 2429 1980 2485 loco
2015 2435 2363 2499 permutatur
2395 2429 2555 2485 ratio.

711 2513 734 2544 ³
768 2514 849 2567 Cf.
867 2514 1006 2580 Xen.
1025 2514 1184 2568 Mem.
1203 2514 1233 2567 I
1248 2514 1332 2567 33.
1373 2514 1491 2568 Hoc
1512 2513 1628 2569 loco
1644 2515 1890 2584 genuina
1917 2514 2153 2571 Socratis
2171 2513 2448 2569 sententia
2464 2514 2617 2570 nobis
2644 2514 2894 2570 occurrit.

536 2599 687 2666 Quae
731 2597 931 2654 ibidem
968 2599 997 2653 I
1030 2599 1082 2669 4,
1122 2598 1214 2668 183
1262 2598 1323 2652 II
1359 2598 1407 2668 1,
1444 2598 1514 2654 28
1526 2620 1541 2667 ;
1586 2599 1669 2654 IV
1696 2599 1746 2669 3,
1798 2600 1863 2655 17
1912 2601 2251 2670 referuntur,
2299 2599 2478 2670 magis
2522 2600 2897 2669 Xenophontis

537 2700 700 2751 qnam
736 2683 970 2739 Socratis
1005 2688 1152 2754 sunt,
1188 2701 1243 2740 v.
1277 2684 1398 2739 Joel
1432 2685 1468 2738 l.
1505 2700 1549 2739 c.
1586 2685 1617 2739 I
1650 2702 1702 2753 p.
1738 2685 1824 2755 94,
1859 2685 1927 2739 97
1940 2701 2055 2754 sqq.

636 2834 646 2842 ,
706 2769 733 2802 ⁴
768 2770 848 2824 Of.
884 2770 1068 2825 Bruns
1102 2769 1229 2824 Das
1266 2768 1502 2824 litterar.
1537 2768 1774 2825 Portrciit
1805 2770 1904 2825 der
1943 2769 2212 2826 Griechen
2245 2787 2298 2840 p.
2336 2770 2451 2825 165.

710 2853 735 2886 ⁶
769 2855 852 2910 Cf.
886 2855 1062 2925 Plato,
1099 2852 1281 2924 Symp.
1317 2855 1509 2910 220D:
1553 2855 1609 2908 Ὁ
1654 2853 1713 2906 δὲ
1746 2853 1972 2921 εἱστήκει
2017 2857 2173 2923 μέχρι
2226 2856 2323 2909 ἕως
2369 2855 2583 2924 ἐγένετο
2629 2854 2719 2908 καὶ
2756 2852 2900 2919 ἥλιος

538 2939 779 3003 ἀνέσχεν.
803 2937 968 2991 ἔπειτ’
990 2936 1154 3002 εὔχετ’
1175 2936 1356 2992 ἀπιὼν
1383 2938 1815 3009 προσευξάμενος
1842 2940 1925 3004 τῷ
1953 2937 2104 3005 ἡλίῳ.
2157 2940 2264 3008 Qui
2281 2941 2498 3009 quidem
2520 2956 2633 2996 mos
2653 2941 2899 2997 omnibus

543 3025 839 3081 eommunis
857 3030 991 3095 erat,
1012 3026 1079 3081 cf.
1097 3026 1243 3081 Plat.
1262 3026 1412 3097 legg.
1436 3024 1538 3080 887
1548 3026 1610 3080 E.
1646 3025 1836 3094 Neque
1853 3030 2055 3095 tamen,
2080 3025 2335 3094 quamvis
2350 3025 2598 3082 sublimis
2621 3032 2789 3095 atque
2807 3041 2899 3081 ex-

542 3112 686 3167 celsa
719 3110 889 3167 fuisse
911 3111 1167 3167 videatur
1189 3111 1424 3166 Socratis
1448 3111 1703 3181 precatio,
1734 3127 1834 3167 nos
1857 3110 2089 3181 effugiet
2111 3116 2170 3168 et
2203 3127 2324 3167 eam
2348 3117 2406 3166 et
2429 3111 2631 3167 multas
2668 3111 2899 3167 aliorum

540 3196 976 3266 philosophorum
1010 3212 1212 3265 preces»,
1247 3196 1379 3265 quia
1411 3195 1721 3266 generatim
1770 3202 1828 3252 et
1874 3196 1934 3251 in
1978 3196 2296 3252 universum
2341 3197 2468 3251 deos
2514 3196 2899 3265 implorabant,

541 3282 777 3353 singulis
812 3282 1008 3351 quibus
1049 3281 1496 3351 opprimebantur
1540 3281 1687 3338 curis
1731 3286 1792 3338 et
1836 3281 2291 3338 sollicitudinibus
2335 3298 2444 3338 non
2490 3282 2900 3338 communicatis

541 3383 665 3422 cum
715 3368 827 3437 dis,
879 3368 1035 3436 quasi
1094 3384 1204 3423 non
1261 3366 1500 3436 ipsorum
1557 3368 1803 3438 proprias
1860 3367 2057 3436 fuisse,
2116 3367 2238 3437 sed,
2308 3374 2374 3423 ut
2418 3367 2502 3423 ita
2545 3367 2720 3422 dicam
2740 3410 2754 3438 ,
2800 3368 2900 3422 im·-

542 3453 847 3521 personales
891 3459 950 3509 et
989 3452 1326 3524 proprietate
1371 3462 1635 3510 carentes.
1730 3453 1847 3521 Quo
1882 3453 1950 3508 de
1991 3452 2147 3522 vitio,
2195 3469 2302 3522 quo
2347 3452 2672 3509 laborabant
2716 3468 2900 3524 preces

542 3537 995 3609 philosophorum,
1045 3540 1114 3597 cf.
1159 3540 1281 3596 Joel
1315 3541 1346 3594 I
1390 3557 1442 3610 p.
1484 3539 1578 3594 91:
1658 3538 1837 3594 Wevm
1881 3555 1942 3594 er
1984 3534 2275 3609 (Socrates)
2330 3538 2511 3605 betete,
2566 3538 2664 3592 bat
2707 3555 2767 3592 er
2811 3538 2901 3592 die

549 3623 746 3680 G'b‘tter
779 3624 1030 3695 „einfach
1065 3641 1163 3680 um
1208 3624 1311 3679 dae
1349 3625 1541 3681 G'ute“.
1614 3667 1627 3679 .
1664 3668 1676 3679 .
1717 3667 1730 3680 .
1778 3624 1958 3680 Weuu
2002 3624 2090 3679 die
2135 3623 2461 3679 beconderen
2505 3623 2775 3679 Witneehe
2820 3624 2900 3679 im
2983 3612 2989 3616 ’

550 3708 722 3766 Gebet
752 3708 1029 3781 weyfielen,
1064 3725 1125 3765 eo
1157 3710 1317 3779 siden
1343 3710 1413 3781 ῥα
1445 3710 1586 3765 wohl
1620 3710 1708 3765 die
1743 3708 2073 3765 beeonderen
2096 3708 2473 3779 perednlichen
2507 3708 2742 3765 Aulc‘ieee
2773 3726 2899 3764 zum

550 3795 723 3852 Gebet
757 3811 869 3865 wey
913 3794 1030 3849 und
1074 3812 1186 3850 mor
1231 3794 1319 3850 <lie
1364 3795 1719 3867 allqemeiueu
1755 3794 1976 3851 bliebeu.
2050 3836 2063 3849 .
2099 3837 2112 3851 .
2151 3838 2164 3851 .
2199 3793 2575 3864 Euthydemoe
2619 3793 2723 3849 hat
2759 3809 2900 3866 qauz

542 3881 734 3951 Recbt,
764 3890 925 3935 ‘werm
959 3897 1020 3936 er
1040 3881 1182 3936 nach
1204 3881 1689 3937 Kenntnieuahme
1721 3880 1821 3936 der
1842 3880 2229 3937 Sokratiecheu
2250 3880 2469 3935 Lebren
2490 3882 2627 3951 eaqt,
2662 3896 2723 3935 er
2744 3881 2902 3935 wiese

542 3967 713 4037 nicht,
736 3982 851 4022 was
872 3983 931 4022 er
952 3966 1070 4021 sich
1092 3983 1198 4023 von
1221 3966 1325 4022 den
1352 3966 1589 4022 Giittem
1610 3967 1846 4022 erbitteu
1866 3966 2013 4022 colle.
2081 4008 2094 4022 .
2122 4009 2135 4022 .
2162 4010 2174 4024 .
2198 3965 2311 4022 Die
2337 3965 2653 4036 allgemeine
2675 3965 2902 4022 Formel

542 4053 625 4107 im
664 4051 834 4109 Gebet
863 4055 1005 4108 statt
1035 4052 1134 4107 der
1167 4052 1491 4108 besoudereu
1535 4051 1806 4109 Witmche
1827 4083 1896 4092 —-
1921 4052 2022 4107 dae
2057 4050 2305 4108 bedeutet
2334 4067 2485 4106 zwar
2519 4050 2637 4106 eine
2670 4051 2901 4108 ethieche

544 4138 838 4210 Erbebunq
871 4137 969 4194 der
1008 4138 1273 4209 Gotthest,
1309 4138 1441 4194 aber
1474 4140 1594 4195 eine
1637 4137 2083 4210 Verflitchtiyuuy
2130 4137 2224 4193 dee
2255 4138 2492 4194 intensiva
2517 4137 2901 4207 perebnlicbeu

548 4224 876 4280 chan-alacre
909 4224 1011 4280 dee·
1041 4224 1253 4281 Gebete.
1322 4224 1436 4280 Die
1464 4224 1716 4281 Gottheit
1744 4223 1889 4280 wira
1910 4224 2035 4280 sehr
2052 4226 2191 4296 yross
2209 4222 2381 4278 durch
2404 4222 2548 4278 dicae
2569 4222 2902 4279 eokratieche

546 4308 687 4381 Idee,
723 4308 852 4365 aber
884 4326 1010 4365 zum
1032 4310 1220 4380 Kiim'y
1253 4309 1462 4367 kommt
1494 4324 1628 4364 man
1664 4309 1890 4366 seltener
1925 4308 2013 4366 als
2044 4325 2172 4365 zttm
2205 4308 2384 4366 Vater.
2457 4307 2537 4363 cf.
2573 4307 2703 4365 ibid.
2741 4324 2791 4379 p.
2813 4307 2900 4365 97.
