3509 5067
644 365 728 431 58
1549 364 1817 421 Henricus
1852 364 2093 420 Schmidt
2887 368 2995 455 [58

648 534 1109 601 admonebant.
1151 534 1452 602 Persium
1483 534 1668 615 sequi
1693 534 1958 602 videtur
1987 534 2119 618 ille,
2149 536 2231 602 de
2254 554 2381 616 quo
2411 537 2584 618 apud
2619 537 2995 605 Martialem

641 635 920 720 legimus
962 637 1100 703 XII
1146 637 1260 703 90:
1319 636 1447 701 Pro
1490 657 1646 721 sene,
1703 637 1842 702 sed
1900 637 2183 715 clarel,
2233 645 2493 702 votum
2550 637 2739 703 Maro
2791 640 2997 721 feeit

641 741 871 821 ami003
915 740 1138 822 plures
1183 758 1339 807 vero
1382 739 1634 807 fuerint
1677 739 1924 807 nefasti
1967 740 2067 806 illi
2109 741 2284 823 apud
2328 740 2678 807 Horatium
2722 746 2793 808 et
2835 743 2993 809 Per-⁶

641 842 810 910 sium
819 842 861 926 Β,
927 842 1039 924 qui
1082 843 1365 924 speciem
1408 842 1687 925 pietatis
1729 861 1893 926 prae
1936 861 2006 909 se
2066 841 2355 910 ferentes
2414 843 2795 926 turpissima
2838 850 2994 912 vota

642 950 1071 1011 murmurant.
1384 965 1391 974 ·

814 1065 1005 1131 Addo
1052 1064 1395 1132 nonnullos
1421 1064 1614 1147 locOS,
1660 1063 1899 1145 quibus
1948 1064 2177 1147 agitur
2218 1065 2299 1131 de
2343 1064 2557 1131 tacita.
2599 1065 2993 1150 precatione,

568 1228 577 1232 -
641 1186 772 1248 qua.
816 1171 1039 1234 tamen
1075 1167 1257 1233 aliud
1301 1166 1462 1248 quid
1489 1166 1907 1251 significatur
1935 1173 2135 1247 atque
2163 1167 2325 1234 locis
2355 1172 2513 1234 ante
2541 1169 2992 1249 pertractatis.

642 1269 900 1336 Primus
946 1271 1122 1351 apud
1165 1268 1541 1335 Ciceronem
1585 1274 1811 1335 exstat
1862 1272 1945 1335 de
2000 1269 2270 1352 imperio
2315 1269 2427 1335 Cn.
2471 1270 2739 1353 Pompei
2781 1290 2833 1337 c.
2881 1273 2992 1338 16:

638 1371 779 1436 Hoc
801 1372 1151 1437 brevissime
1177 1370 1383 1435 dicam
1405 1373 1710 1436 nemiuem
1733 1391 2031 1455 umquam
2062 1379 2185 1435 tam
2214 1374 2371 1456 imp
2386 1372 2489 1436 ud
2502 1393 2590 1437 eu
2606 1380 2676 1437 te
2691 1392 2751 1436 m
2777 1373 2995 1456 fuisse,

640 1476 813 1559 quia
842 1475 940 1539 dis
967 1473 1419 1539 immortalibus
1446 1480 1532 1538 tot
1552 1481 1608 1538 et
1639 1479 1846 1538 tantas
1872 1494 1972 1539 res
1994 1475 2300 1539 tacitus
2323 1475 2659 1540 auderet
2685 1483 2991 1558 optare,

639 1585 790 1661 quot
843 1582 900 1642 et
955 1583 1225 1662 quantas
1273 1577 1369 1641 dii
1438 1578 1816 1641 immortales
1878 1576 1967 1641 ad
2022 1576 2135 1642 Cn.
2199 1565 2558 1662 Pompeium
2627 1577 2994 1645 detulerunt.

641 1680 784 1746 Hoc
826 1679 1036 1762 igitur
1075 1681 1216 1746 loco
1273 1697 1403 1746 non
1446 1679 1849 1746 conscientia
1907 1684 2323 1761 peccatorum
2381 1680 2568 1747 homo
2626 1681 2994 1764 adducitur,

640 1788 718 1848 ut
788 1782 993 1849 tacite
1052 1787 1384 1865 precetur,
1442 1784 1558 1848 sed
1615 1781 1934 1849 modestia
1949 1832 1965 1865 ,
2022 1785 2285 1865 pudore.
2385 1783 2994 1864 Impudentissimus

641 1885 915 1967 quisque
961 1890 1031 1951 et
1067 1884 1617 1951 insolentissimus
1647 1870 1907 1951 tantum
1936 1883 2236 1951 fortunas
2264 1885 2533 1966 Pompei
2565 1884 2777 1951 felicis
2824 1886 2993 1951 clam

639 1987 769 2055 sibi
807 2006 1077 2054 exorare
1106 1987 1340 2070 potuit.
1426 1988 1684 2053 Pudore
1726 1986 1974 2055 diversi
2003 1987 2284 2070 generiS,
2314 1986 2604 2054 delicata
2634 1988 2993 2054 amantium

638 2091 1053 2174 verecundia,
1082 2109 1562 2171 nonnumquam
1591 2089 1841 2157 tacitae
1875 2108 2105 2173 preces
2146 2090 2333 2156 fiunt.
2420 2090 2590 2156 Xen.
2617 2089 2861 2173 Ephes,
2889 2091 2925 2155 I
2952 2092 2993 2158 5

638 2193 1115 2261 Habrocomam
1173 2193 1479 2260 iuvenem
1536 2196 1607 2259 et
1645 2192 1966 2258 Anthiam
2025 2192 2350 2275 virginem
2392 2193 2650 2260 inducit
2708 2192 2778 2258 in
2837 2190 2993 2259 fano

639 2295 898 2362 Dianae
943 2302 1272 2362 morantes
1330 2300 1401 2363 et
1443 2295 1660 2362 oculos
1703 2295 1776 2361 in
1818 2313 1889 2362 se
1932 2301 2156 2388 mutuo
2201 2294 2594 2379 defigentes:
2654 2294 2865 2360 εἰπεῖν
2918 2294 2992 2358 τὸ

640 2396 880 2483 ἀληθὲς
924 2396 1114 2483 φόβῳ
1156 2397 1326 2481 πρὸς
1370 2396 1705 2482 ἑκατέρους
1747 2395 2114 2480 αἰδούμενοι
2144 2404 2213 2466 et
2242 2398 2465 2481 paullo
2495 2404 2647 2480 post
2683 2398 2992 2482 legimus:

640 2499 751 2564 Εὖ
765 2501 909 2580 χαὶ
952 2498 1023 2564 δὲ
1068 2498 1286 2576 αὐτοῖς
1329 2499 1654 2587 ἑκατέροις
1683 2492 1847 2585 ἦσαν
1887 2499 2060 2587 πρὸς
2087 2499 2195 2585 τὴν
2231 2498 2393 2565 θεὸν
2435 2511 2634 2585 κοινῇ,
2678 2500 2991 2573 λανθά-

640 2622 936 2667 νουσαι
988 2606 1124 2685 μέν,
1171 2601 1309 2666 ἀλλ’
1369 2598 1641 2685 ἐγίνοντο
1685 2602 1926 2684 ὅμοιαι.
2029 2604 2333 2671 Tibullus
2377 2604 2475 2670 IV
2512 2606 2571 2688 6,
2618 2605 2730 2670 15:
2789 2603 2993 2668 Prae-

639 2707 830 2789 cipiat
867 2710 1051 2770 natae
1093 2711 1291 2771 mater
1349 2706 1629 2771 studiosa
1686 2706 1851 2790 quod
1913 2711 2075 2788 optet
2126 2707 2134 2790 Ι
2195 2706 2354 2772 illa
2409 2707 2643 2772 aliud
2704 2708 2999 2788 tacita,

642 2811 796 2873 iam
848 2828 1030 2892 sua,
1090 2817 1333 2874 mente
1390 2816 1642 2891 royat.
1747 2807 1842 2875 Cf.
1903 2810 2147 2877 Catulli
2204 2811 2415 2876 locum
2456 2810 2656 2875 LXII
2698 2811 2800 2892 37,
2869 2827 2996 2891 quo

640 2911 1095 2979 adulescentes
1139 2911 1368 2978 dicunt
1413 2914 1495 2979 de
1539 2911 1807 2995 puellis:
1870 2911 2037 2991 Quid
2092 2918 2224 2977 tum
2280 2914 2338 2976 si
2376 2917 2662 2993 carpunt,
2728 2913 2937 2975 tacit
2955 2932 2995 2974 a

639 3034 860 3100 quem
904 3022 1151 3079 mente
1193 3014 1731 3099 v·equiruut?⁸
1832 3015 2109 3081 Prorsus
2168 3014 2349 3081 aliud
2405 3014 2738 3097 significat
2788 3012 2997 3080 tacita

638 3118 891 3199 optatio
937 3119 1112 3199 apud
1156 3117 1458 3184 Ovidium
1502 3118 1703 3184 Trist.
1747 3118 1783 3183 I
1823 3120 1877 3199 1,
1909 3119 1992 3184 27
2010 3136 2150 3198 sqq.
2235 3119 2445 3184 Poeta
2488 3117 2660 3183 enim
2703 3115 2996 3183 libellum

637 3321 877 3391 epistula
922 3321 1260 3377 Christianos
1319 3322 1602 3392 vituperat
1614 3367 1627 3393 ,
1685 3322 1881 3378 laudat
1939 3322 2205 3393 gentiles:
2264 3321 2418 3376 Illud
2463 3337 2662 3391 quaeso
2674 3363 2688 3388 ,
2748 3320 2837 3376 vir
2907 3337 2995 3376 sa-

632 3406 997 3477 pientissime,
1032 3407 1157 3476 quis
1191 3408 1270 3461 sit
1301 3408 1405 3462 iste
1438 3407 1584 3477 deus,
1621 3425 1780 3477 quem
1812 3407 1964 3463 vobis
2000 3406 2312 3462 Christiani
2358 3407 2518 3476 quasi
2546 3406 2841 3477 proprium
2874 3406 2994 3461 viu-

639 3492 839 3548 dicatis
873 3496 928 3547 et
957 3492 1023 3547 iu
1058 3493 1189 3548 loeis
1210 3492 1417 3548 abditis
1440 3497 1783 3563 praesentem
1805 3509 1900 3549 vos
1923 3492 2105 3548 videre
2128 3492 2492 3562 componitis?
2559 3492 2624 3547 N
2628 3508 2700 3547 os
2734 3491 2993 3547 etenim

639 3578 800 3633 deos
844 3581 1132 3634 nostros
1180 3579 1331 3634 luce
1366 3580 1608 3648 palam
1655 3596 1746 3633 au
1763 3582 1824 3634 te
1866 3579 2107 3635 oculos
2154 3578 2458 3633 omnium
2517 3580 2723 3648 atque
2785 3593 2997 3650 aures

640 3664 947 3719 omnium
987 3665 1405 3720 mortalium
1442 3665 1598 3735 piis
1636 3665 1974 3735 precibus
2021 3664 2413 3720 adoramus.

811 3750 832 3781 ¹
866 3750 929 3804 L.
965 3749 1353 3807 Friedlaender
1387 3751 1445 3806 in
1478 3751 1718 3806 editione
1753 3750 2021 3806 Martialis
2069 3756 2300 3806 annotat
2334 3750 2404 3805 ad
2451 3750 2590 3805 hanc
2624 3764 2837 3804 vocem:
2873 3748 2995 3802 Da-

637 3835 746 3890 mit
778 3851 834 3890 es
863 3835 1053 3905 yehb'rt
1083 3835 1200 3890 und
1234 3835 1354 3891 dem
1380 3835 1744 3906 Betheiliqteu
1780 3835 2190 3891 wiedererzc‘ihlt
2220 3834 2409 3890 werde.

812 3920 835 3952 ¹
870 3920 949 3976 Of.
987 3921 1235 3977 Sudhaus
1268 3938 1321 3991 p.
1360 3921 1461 3976 196
1495 3927 1553 3976 et
1587 3922 1787 3977 ibidem
1825 3938 1950 3977 ann.
1988 3920 2036 3978 1.

815 4005 836 4038 ⁸
872 4006 954 4061 cf.
991 4006 1219 4063 Ovidius
1254 4007 1473 4063 Hei-oid.
1498 4007 1579 4062 IV
1603 4006 1684 4075 10,
1723 4023 1831 4076 quo
1866 4008 1981 4063 loco
2014 4007 2265 4062 Phaedra
2300 4021 2491 4063 versu:
2526 4005 2786 4062 Dicere
2819 4019 2994 4073 quae

630 4108 675 4161 p
686 4108 727 4145 u
738 4090 922 4162 duit,
959 4091 1190 4147 seribere
1225 4091 1395 4147 iussit
1437 4108 1597 4146 amor
1646 4092 1941 4161 epistulam
1989 4099 2229 4148 excusat.
2312 4092 2474 4161 Apul.
2527 4097 2658 4146 met.
2692 4090 2833 4147 VIII
2878 4106 2922 4144 c.
2959 4089 2994 4143 8

638 4177 962 4245 Thrasyllus
997 4194 1176 4234 amore
1212 4178 1469 4233 Charitas
1520 4178 1891 4233 inflammatus
1938 4178 2295 4249 cupiditatem
2341 4193 2449 4232 non
2494 4176 2705 4232 diutius
2753 4190 2995 4230 coercere

637 4268 821 4337 potest
855 4267 937 4317 et:
983 4262 1110 4317 Non
1145 4262 1425 4318 dubitavit
1469 4262 1533 4317 de
1579 4263 1793 4333 nuptiis
1840 4263 2139 4332 convenire,
2186 4264 2252 4317 et
2295 4262 2320 4316 i
2337 4280 2393 4316 m
2398 4280 2442 4332 p
2456 4279 2496 4316 u
2508 4262 2544 4317 d
2556 4261 2752 4316 entia
2764 4277 2791 4314 e
2843 4260 2910 4314 la
2923 4259 2954 4313 b
2968 4276 2995 4313 e

640 4347 870 4403 tacita
897 4349 1219 4417 pectoris
1252 4349 1366 4403 sui
1400 4352 1676 4404 secreta
1706 4347 2147 4417 fraudesque
2193 4346 2623 4415 ineffabiles
2657 4345 2997 4415 detegere.
