3509 5067
479 371 593 459 47]
838 369 1069 425 Veteres
1103 366 1408 436 philosophi
1441 365 1702 435 quomodo
1736 364 2104 422 iudicaverint
2139 366 2205 421 de
2238 366 2487 435 precibus
2756 369 2843 433 47

482 542 636 608 Alio
671 543 813 607 loco
829 539 854 577 ¹
900 538 1205 606 similiter
1236 538 1345 605 dei
1374 543 1444 605 et
1488 540 1658 604 dona
1689 537 1973 622 singulis
2001 538 2333 605 offerenda
2362 537 2841 606 discernuntur.

482 645 579 712 Ut
621 643 1029 726 Porphyrius
1072 640 1216 723 ipse
1265 645 1590 724 testatur,
1660 640 2149 707 Platonicorum
2208 640 2575 707 sententias
2631 639 2844 708 refert

481 747 554 831 (ἃ
599 738 708 811 οὖν
754 755 882 808 τῶν
937 743 1364 807 Πλατωνικῶν
1416 763 1583 819 τινες
1649 736 2137 828 ἓδημοσίευσαν).
2239 743 2300 808 Α
2364 741 2504 809 deis
2569 744 2844 810 secundi

480 848 732 917 ordinis
769 847 942 915 nihil
973 846 1104 913 nisi
1133 847 1403 930 dignum
1432 850 1659 928 petere
1696 846 2026 929 debemuS,
2070 845 2139 911 id
2169 851 2276 912 est
2304 847 2563 913 bonum.
2653 845 2842 931 Quod

479 956 640 1020 deus
684 952 827 1035 ipse
871 955 942 1017 et
982 955 1088 1017 est
1131 954 1201 1016 et
1245 949 1408 1032 vult,
1447 950 1762 1015 orandum
1807 952 1877 1015 et
1920 947 2307 1030 cupiendum
2354 953 2455 1015 est
2477 949 2520 1013 ².

651 1053 1008 1137 Porphyrii
1073 1053 1130 1118 si
1197 1071 1430 1134 puram
1503 1056 1790 1117 mentem
1856 1055 1927 1118 et
1992 1052 2358 1118 sententias
2418 1051 2842 1119 Christianae

480 1157 791 1242 religioni
834 1175 870 1223 e
915 1161 1105 1238 parte
1149 1154 1467 1221 finitimas
1512 1154 1971 1238 deliberamus,
2014 1173 2141 1221 non
2185 1155 2419 1221 mirum
2462 1173 2606 1221 esse
2650 1154 2839 1222 nobis

479 1261 767 1344 videtur,
812 1261 983 1340 quod
1027 1258 1275 1325 multae
1327 1257 1629 1341 vulgaris
1686 1256 2029 1341 religionis
2088 1257 2435 1340 cultusque
2493 1262 2719 1340 partes
2777 1257 2842 1324 ei

479 1361 823 1429 offensioni
883 1366 1094 1444 erant,
1138 1361 1455 1427 molestae
1517 1363 1587 1427 et
1648 1360 1931 1427 odiosae.
2035 1361 2287 1427 Multas
2346 1360 2666 1427 eiusmodi
2725 1363 2840 1426 du-

478 1466 837 1533 bitationes
879 1465 950 1531 in
1009 1463 1295 1548 epistula
1340 1465 1425 1531 ad
1469 1463 1851 1530 Anebonem
1872 1462 1899 1502 ⁸
1944 1463 2193 1546 scripta
2234 1465 2597 1546 profitetur.
2684 1464 2840 1546 Ipso

475 1567 668 1634 initio
715 1567 992 1651 quaerit,
1038 1586 1170 1651 cur,
1214 1566 1272 1633 si
1317 1585 1536 1633 omnes
1580 1566 1649 1632 di
1708 1567 1781 1633 in
1825 1565 2030 1633 caelis
2088 1568 2295 1634 solum
2354 1567 2679 1651 habitent,
2731 1566 2841 1635 dei

475 1689 732 1752 quoque
762 1675 1115 1737 terrestres
1159 1673 1231 1737 et
1274 1669 1691 1736 subterranei
1735 1670 2129 1737 invocentur
2172 1689 2213 1736 a
2257 1670 2558 1753 theurgis
2580 1672 2624 1738 ⁴.
2711 1668 2841 1754 Qui

476 1776 560 1842 de
604 1773 766 1858 deiS,
808 1792 972 1855 quos
1015 1772 1334 1856 patibiles
1380 1791 1525 1839 esse
1586 1772 1832 1855 dicunt,
1892 1772 2277 1857 turpissime
2321 1772 2634 1840 sentiunt.
2721 1774 2839 1841 Sin

474 1881 696 1944 autem
739 1876 1147 1960 impatibiles
1192 1880 1363 1960 sunt,
1419 1875 1589 1942 nihil
1647 1876 1910 1958 proficit
1952 1877 2105 1944 deos
2162 1875 2489 1959 invocare,
2551 1877 2840 1960 placare,

474 1980 763 2063 expiare,
823 1999 968 2046 cum
1012 1980 1139 2063 dei,
1196 1978 1439 2061 quippe
1489 1978 1602 2060 qui
1647 1978 2050 2061 impatibiles
2093 1979 2245 2062 sint,
2302 1980 2482 2046 nullo
2525 1982 2712 2046 modo
2763 1985 2840 2047 ut

473 2083 728 2151 faciant
756 2083 1008 2167 aliquid
1038 2082 1277 2150 adduci
1307 2082 1564 2165 possint
1585 2086 1629 2150 ⁶.
1731 2082 1805 2149 Si
1849 2083 2160 2165 patibiles
2204 2083 2312 2150 dei
2353 2083 2839 2167 invocarentur,

473 2186 643 2253 nihil
709 2186 976 2253 differre
1035 2206 1076 2253 a
1120 2186 1544 2253 daemonibus
1616 2187 1937 2269 ostendit3
2009 2189 2125 2253 sed
2198 2189 2282 2253 ad
2352 2189 2507 2253 deos
2582 2204 2837 2268 quoque

472 2289 744 2356 Homeri
786 2289 991 2372 impia
1033 2291 1244 2356 verba
1289 2297 1590 2371 spectare
1632 2289 1713 2357 Il.
1755 2290 1861 2356 IX
1903 2291 2061 2357 493:
2125 2289 2443 2375 Στρεπτοὶ
2502 2288 2578 2352 δέ
2614 2312 2684 2353 τε
2724 2288 2837 2352 καὶ

471 2391 622 2456 θεοὶ
666 2390 868 2459 αὐτοί.
954 2392 1200 2459 Contra
1242 2394 1415 2476 deoS,
1472 2410 1615 2459 oum
1659 2411 1869 2474 purae
1928 2398 2181 2460 mentes
2223 2393 2374 2476 sint,
2434 2392 2835 2460 inflexibiles

474 2513 617 2561 esse
659 2498 728 2561 et
756 2497 953 2563 rebus
997 2495 1284 2578 corporis
1321 2514 1452 2563 non
1481 2496 1857 2579 permixtos,
1888 2495 2309 2563 Precationes
2355 2496 2539 2578 ipsae
2583 2515 2627 2563 a
2667 2514 2837 2579 pura

472 2600 735 2665 deorum
779 2604 1001 2665 mente
1045 2600 1427 2683 abhorrent,
1480 2599 1686 2666 multo
1731 2605 1953 2667 autem
1996 2598 2208 2683 magis
2262 2600 2606 2684 sacrificia,
2663 2616 2836 2681 quae

472 2700 586 2783 eiS‚
643 2700 835 2782 quasi
880 2720 1079 2768 sensu
1137 2706 1208 2768 et
1265 2702 1486 2769 anima
1543 2704 1908 2786 utentibus
1972 2703 2340 2770 offeruntur
2358 2702 2402 2769 ⁰.
2504 2704 2834 2787 Quomodo

470 2804 619 2871 fieri
662 2809 898 2889 potest,
941 2809 1017 2871 ut
1065 2805 1172 2872 dei
1204 2806 1318 2887 qui
1364 2824 1408 2872 a
1437 2805 1800 2873 cultoribus
1843 2805 2202 2890 puritatem
2233 2811 2593 2889 exposcunt
2621 2824 2834 2887 neque

473 2906 833 2974 exaudiunt
874 2926 948 2976 re
977 2927 1262 2976 venerea
1298 2908 1834 2993 contaminatum,
1875 2909 2124 2976 iniusta
2152 2915 2223 2977 et
2251 2909 2509 2992 impura
2537 2908 2834 2976 facinora

468 3009 788 3078 adiuvent
809 3013 831 3053 ⁷
848 3010 882 3077 Ρ
996 3010 1177 3077 Mira
1220 3012 1702 3095 Aegyptiorum
1745 3012 2243 3079 incantamenta
2284 3012 2616 3095 improbat
2632 3010 2676 3096 ⁸,
2730 3012 2830 3078 in·

468 3116 632 3196 epta
673 3114 938 3180 deorum
968 3113 1231 3181 nomina
1261 3119 1332 3182 et
1361 3116 1651 3183 barbara
1678 3114 1893 3200 reicit,
1937 3134 2107 3196 quae
2135 3116 2399 3199 graecis
2429 3115 2832 3182 efficaciores

471 3234 615 3282 esse
661 3216 960 3282 nonnulli
1020 3217 1388 3301 opinentur,
1448 3217 1654 3301 quasi,
1714 3223 1793 3285 ut
1850 3217 2098 3285 ironice
2159 3218 2370 3303 addit,
2428 3218 2633 3285 etiam
2690 3216 2831 3285 deis

640 3420 659 3452 ¹
696 3422 779 3476 De
815 3419 970 3477 abst?
991 3422 1051 3477 Π
1084 3421 1168 3477 27.
1585 3422 1609 3455 ⁹
1642 3423 1729 3478 Ad
1765 3423 1930 3481 Marc.
1966 3439 2049 3493 ep.
2086 3423 2169 3493 12,
2207 3423 2291 3481 13.

644 3504 666 3537 ⁸
699 3506 904 3563 Graece
929 3507 1166 3577 epistula
1187 3509 1506 3577 plerumque
1528 3509 1676 3578 apud
1697 3509 1996 3565 Eusebium
2012 3515 2073 3565 et
2089 3510 2485 3565 Theodoretum
2512 3508 2833 3565 inscribitur

466 3588 604 3658 πρὸς
635 3589 829 3656 Ἄνεβώ
862 3594 969 3645 τόν
1002 3592 1315 3661 Αἰγύπτιον.
1387 3594 1469 3651 Cf.
1504 3595 1683 3651 Zeller
1716 3612 1770 3664 p.
1806 3595 1924 3666 661,
1950 3595 1999 3649 1.
2068 3595 2262 3650 Edidit
2295 3599 2514 3663 praeter
2547 3594 2683 3650 alios
2718 3594 2831 3664 epi-

466 3677 673 3733 stulam
707 3679 952 3747 Part-,hey
983 3679 1286 3735 Jamblichi
1321 3679 1386 3735 de
1418 3680 1713 3750 Mysteriis
1748 3680 1886 3736 liber
1921 3680 2096 3751 (1857)
2131 3697 2182 3750 p.
2206 3681 2392 3734 XXIX
2405 3696 2520 3749 sqq.

636 3762 664 3794 ⁴
697 3763 779 3820 Of.
816 3781 859 3819 c.
895 3766 944 3820 3.

637 3848 664 3882 ⁸
697 3849 756 3905 O.
791 3850 859 3903 41
896 3851 1085 3921 (init.):
1121 3850 1198 3902 'Et
1231 3847 1288 3902 δὲ
1323 3849 1576 3912 ἀπαθεῖς,
1610 3850 1842 3918 μάταιαι
1876 3854 1934 3902 αἱ
1967 3851 2124 3903 θεῶν
2146 3847 2351 3917 κλήσεις
2386 3851 2623 3909 ἔσονται,
2658 3867 2827 3919 προσ-

463 3930 670 4000 κλήσεις
716 3932 902 3987 αὐτῶν
942 3933 1393 4006 ἐπαγγελλόμεναι
1437 3941 1526 3989 καὶ
1570 3933 1795 4004 μήνιδος
1840 3935 2094 3997 ἐξιλάσεις
2128 3980 2141 3992 .
2180 3981 2195 3995 .
2231 3976 2244 3988 .
2278 3933 2551 4002 cimil-ntor
2584 3933 2689 4005 γὰρ
2738 3937 2831 3988 καὶ

463 4019 745 4087 α’βίαοτον,
780 4024 871 4072 καὶ
904 4019 1389 4092 ἀκατανοὶγκαστον
1421 4021 1488 4075 τὸ
1526 4021 1755 4078 ἀπαθές.

635 4106 660 4140 ⁶
695 4107 752 4163 O.
789 4106 850 4162 5:
892 4109 962 4157 Αἱ
997 4103 1056 4159 δὲ
1089 4103 1354 4160 λιτανεῖαι
1387 4105 1668 4178 ἄλλότριαὶ
1702 4110 1806 4161 εἰσι
1839 4110 2252 4182 προσφέρεσθαι
2285 4105 2423 4177 πρὸς
2456 4105 2557 4173 τὴν
2589 4105 2691 4159 τοῦ
2725 4106 2828 4157 νοῦ

460 4189 832 4259 καθαρότητα.
884 4189 1032 4244 Ἀλλὰ
1067 4196 1157 4244 καὶ
1201 4194 1271 4246 τὰ
1314 4193 1697 4266 προσαγόμενα
1744 4193 1817 4250 ὥς
1860 4196 1997 4267 πρὸς
2043 4192 2392 4261 αἰσθητικοὺς
2436 4196 2528 4245 καὶ
2571 4190 2828 4263 ψυχικοὺς

458 4295 811 4348 προσαγεται.

635 4363 658 4394 ⁷
694 4364 752 4420 G.
792 4365 872 4419 18.
1288 4366 1310 4399 ⁸
1345 4367 1404 4422 C.
1439 4367 1523 4422 32.
