3509 5067
661 330 745 395 60
1578 327 1847 383 Henricus
1882 327 2125 383 Schmidt
2907 326 3022 417 [60

661 498 882 566 fuerit.
966 498 1068 564 De
1127 516 1377 565 summa
1419 497 1488 563 in
1535 495 1792 563 artibus
1836 516 2171 580 magorum
2201 515 2364 564 voce·
2405 497 2545 581 egit
2588 498 2663 564 L.
2695 498 2880 565 Fahz
2922 498 3022 567 De

650 606 979 687 poetarum
1045 600 1474 664 Romanorum
1537 600 1824 663 doctrina
1882 601 2125 681 mayica
2191 601 2565 683 quaestiones
2621 601 2865 665 selectae
2920 600 3018 686 (in

660 702 1168 788 Reliqionsqesch.
1244 703 1415 769 Vers.
1480 703 1617 766 und
1689 701 1942 768 Vorarb.
2006 702 2105 785 ΙΙ,
2164 703 2222 767 3.
2291 702 2515 787 1904),
2604 702 2719 784 qui
2788 704 3019 770 laudat

661 826 722 889 p.
781 805 864 873 50
922 806 1094 872 Stat.
1143 806 1345 872 Theb.
1397 805 1496 871 IV
1559 805 1875 886 470sqq.:
1948 804 2221 870 Tiresias
2285 856 2300 871 .
2359 857 2373 871 .
2419 856 2436 872 .
2492 805 2893 870 exclamat
2948 811 3020 872 et

660 908 942 975 Luciani
971 926 1258 991 necyom.
1288 908 1347 990 8,
1391 924 1583 988 quem
1614 907 1843 990 locum,
1886 925 2033 973 cum
2060 907 2284 990 magni
2315 907 2409 973 sit
2436 907 2765 990 momenti,
2804 910 3017 975 totum

661 1011 893 1078 affero:
953 1009 1024 1075 ‘0
1069 1007 1154 1074 δὲ
1195 1012 1456 1091 μάγος
1499 1008 1642 1074 οὐκ
1699 1008 1802 1073 ἔτ’
1844 1007 2203 1094 ἠρεμαίᾳ
2256 1020 2348 1094 τῇ
2407 1020 2628 1096 φωνῇ
2688 1010 2843 1096 (non
2884 1010 3017 1077 iam

663 1115 897 1182 sedata
926 1113 1129 1199 voce),
1162 1113 1721 1195 παμμέγεθες
1752 1109 1868 1196 δέ,
1913 1110 2017 1187 ὡς
2047 1108 2227 1189 οἶός
2251 1133 2335 1175 τε
2365 1104 2486 1196 ἦν,
2516 1111 3017 1198 ἀνακραγών,

663 1214 976 1298 δαίμονάς
1031 1238 1100 1279 τε
1158 1214 1321 1297 ὁμοῦ
1375 1216 1625 1292 πάντας
1682 1209 2098 1298 ἐπεβοᾶτο
2144 1267 2159 1281 .
2204 1265 2219 1282 .
2267 1263 2281 1277 .
2326 1213 2438 1278 καὶ
2492 1217 2709 1294 νυχίαν
2764 1214 3021 1301 Ἑκάτην

539 1355 563 1362 «ἡ
661 1318 774 1382 καὶ
817 1318 1084 1403 ἐπαινὴν
1125 1316 1620 1403 Περσεφόνειαν,
1662 1317 2071 1402 παραμιγνὺς
2121 1315 2258 1400 ἅμα
2297 1319 2659 1402 βαρβαρικά
2713 1339 2855 1382 τινα
2910 1318 3020 1382 καὶ

664 1420 880 1506 ἄσημα
924 1418 1203 1503 ὀνόματα
1246 1420 1356 1485 καὶ
1397 1419 1871 1503 πολυσύλλαβα.
1973 1419 2295 1486 Similiter
2349 1438 2600 1486 summa
2656 1420 2835 1504 magi
2890 1439 3020 1487 vox

660 1523 1000 1591 invenitur
1030 1543 1114 1605 ap
1122 1524 1208 1588 ud
1236 1522 1666 1605 Hippolytum
1689 1522 1763 1589 in
1784 1521 2080 1590 Refutat.
2110 1522 2393 1589 omnium
2424 1523 2793 1589 haeresium
2811 1522 2910 1589 IV
2934 1524 3020 1589 28

662 1627 831 1709 (edd.
887 1624 1690 1692 Duncker-Schneidewin
1756 1644 1818 1706 p.
1874 1626 1977 1708 88,
2021 1625 2162 1710 47):
2220 1628 2442 1708 Μέγα
2499 1623 2637 1688 καὶ
2710 1621 3022 1711 ἀπηχὲς

665 1731 1012 1813 κέκραγε
1069 1726 1181 1790 καὶ
1233 1737 1438 1791 πᾶσιν
1495 1726 1807 1791 ἀσύνετον.
1851 1763 1940 1777 -
1982 1727 2179 1809 Apud
2236 1728 2640 1795 Herodotum
2697 1728 2832 1795 VH
2876 1729 3019 1812 191,

666 1849 855 1913 quem
897 1832 1110 1897 locum
1152 1848 1288 1896 una
1332 1848 1476 1895 cum
1534 1830 1965 1910 sequentibus
2008 1831 2259 1896 duobus
2302 1830 2712 1897 Sudhausius
2768 1848 3020 1897 mecum

666 1932 1170 2001 communicavit
1184 1978 1204 2005 ,
1289 1931 1466 2016 magi
1540 1932 1935 1999 clamoribus
2007 1937 2239 1999 ventos
2309 1932 2691 2015 implorant:
2757 1939 2826 1996 K
2831 1954 2981 1996 ατα
2996 1969 3019 1983 -

667 2034 1030 2113 είδοντες
1069 2037 1350 2118 βοῇσιι
1398 2033 1474 2099 οἱ
1531 2037 1791 2119 μάγοι
1842 2044 1933 2119 τῷ
1991 2033 2227 2120 ἀνέμῳ,
2288 2035 2396 2102 cf.'
2430 2035 2780 2102 Horatium
2839 2038 3020 2118 epod.

667 2140 727 2206 V
769 2141 884 2207 45:
934 2138 1105 2220 Quae
1141 2138 1350 2203 sidera
1395 2145 1832 2203 excantata
1873 2158 2047 2203 voce
2090 2138 2393 2203 Thessala
2429 2141 2439 2223 Ι
2479 2138 2814 2221 lunamque
2856 2140 3022 2205 caelo

663 2242 891 2322 deripit
928 2245 999 2307 et
1043 2240 1376 2308 Tibullum
1417 2242 1452 2307 I
1496 2244 1554 2325 2,
1597 2242 1710 2308 53:
1755 2240 1934 2305 Haec
1975 2239 2190 2326 (anus)
2236 2240 2391 2305 mihi
2432 2243 2769 2324 composuit
2804 2248 3025 2307 cantus

665 2346 804 2426 quis
844 2344 1073 2426 fallere
1126 2363 1364 2425 posses:
1401 2344 1410 2430 Ι
1449 2351 1541 2408 ter
1599 2364 1822 2425 cane,
1886 2350 1981 2407 ter
2036 2344 2285 2408 dictis
2340 2344 2568 2427 despue
2622 2344 3020 2409 carminibus.

665 2447 1026 2513 Menander
1070 2446 1193 2512 371
1240 2446 1459 2511 Kock:
1515 2444 1781 2530 Ἐφέσια
1819 2456 1957 2521 τοῖς
2007 2455 2323 2528 γαμοῦσιν
2368 2439 2549 2521 οὗτος
2605 2456 2958 2530 περιπατεῖ
3006 2446 3018 2533 Ι

667 2549 872 2631 λέγω
891 2569 925 2610 ν
984 2546 1498 2635 ἀλεξιφάρμακα.
1617 2548 1820 2615 Silius
1878 2548 2157 2615 Italicus
2214 2548 2441 2615 Punic.
2504 2548 2542 2614 Ι
2602 2549 2723 2615 101
2743 2567 2882 2631 sqq.
2942 2551 3023 2615 de

667 2650 928 2733 magica
987 2650 1480 2717 excantatione:
1538 2648 1684 2715 Non
1743 2652 1849 2715 ille
1908 2698 1924 2716 .
1970 2702 1987 2718 .
2030 2702 2047 2718 .
2088 2652 2325 2735 palluit
2382 2702 2397 2717 .
2441 2703 2457 2718 .
2500 2704 2516 2719 .
2569 2651 2579 2738 Ι
2630 2658 2686 2715 et
2735 2652 3024 2717 audito

666 2760 986 2835 suryentes
1014 2772 1097 2817 ca
1120 2755 1376 2817 rmine
1406 2752 1729 2836 flammas3
1760 2753 2014 2820 Statius
2045 2755 2249 2821 Theb.
2276 2753 2376 2820 IV
2404 2754 2560 2821 504:
2592 2757 2702 2818 An
2728 2751 3024 2819 rabido

666 2855 873 2921 iubeat
911 2858 971 2920 si
1019 2854 1321 2921 Thessala
1361 2856 1685 2938 canta²;
1743 2856 1954 2924 Schol.
2011 2857 2201 2923 Pind.
2244 2857 2443 2940 Pyth.
2488 2857 2587 2923 IV
2630 2858 2788 2924 281:
2823 2854 3025 2933 ‘Eoos

670 2951 744 3042 ἦν
784 2968 915 3021 τῶν
955 2957 1451 3044 τελευτησάντων
1494 2957 1602 3023 ἐπ’
1640 2957 2009 3045 ἀλλοδαπῆς
2048 2958 2164 3034 τὰς
2191 2957 2411 3042 ψυχὰς
2440 2958 2551 3023 διά
2577 2980 2766 3023 τινων
2791 2978 3022 3045 μυστη-

669 3063 830 3147 ρίων
874 3058 1583 3125 ἀνακαλέσασθαι.
1674 3061 1937 3128 Summa
1979 3080 2136 3130 voce
2178 3062 2249 3128 in
2295 3061 2691 3128 carminibus
2736 3061 3024 3145 magicis,

668 3195 1023 3251 incantator.
1051 3227 1120 3236 ——
1165 3196 1319 3252 Idem
1364 3197 1401 3252 1.
1437 3214 1481 3252 c.
1518 3213 1570 3265 p.
1604 3196 1724 3267 140,
1772 3213 1898 3252 ann.
1933 3197 1967 3250 9
2018 3198 2213 3253 laudat
2256 3198 2431 3252 locum
2447 3240 2460 3267 ,
2510 3198 2604 3272 qui
2649 3197 2931 3254 invenitur
2963 3199 3026 3255 in

670 3281 889 3350 hymnis
923 3281 1154 3337 Indicis:
1199 3281 1568 3338 Verherrlicht
1599 3281 1679 3335 sei
1713 3281 1889 3336 durch
1923 3282 2039 3337 dies
2072 3282 2221 3338 mein
2258 3283 2377 3337 lau
2394 3286 2496 3337 tes
2529 3282 2734 3353 Lied,
2788 3300 2820 3338 o
2853 3283 3021 3351 Herr,

667 3366 787 3438 9ἰώ
824 3367 996 3437 Seqen
1030 3366 1134 3421 den
1174 3366 1516 3435 Geschiipfen
1550 3367 1644 3423 all.

844 3453 864 3484 1
899 3453 1058 3518 ,θοῇσι
1078 3458 1228 3508 recte
1251 3452 1483 3507 coniecit
1505 3451 1745 3523 Madvig,
1770 3452 2024 3521 Dietsch;
2057 3456 2217 3523 γόησι
2238 3454 2502 3523 praebent
2524 3453 2667 3522 libri,
2692 3453 2835 3521 quod
2856 3468 3021 3509 sensu

670 3553 890 3607 prorsus
923 3544 1102 3608 caret3
1139 3538 1276 3593 falso
1311 3537 1644 3607 scripserunt
1676 3540 1833 3605 γοῇσι
1867 3540 2100 3609 Bekker,
2134 3541 2290 3606 χοῇσι
2322 3539 2541 3594 Reiske.

844 3623 867 3655 ¹
902 3623 983 3678 Cf.
1019 3623 1221 3679 Seneca
1244 3622 1372 3679 Oed.
1397 3623 1528 3679 568:
1571 3623 1815 3679 Gravior
1836 3640 2025 3679 manes
2058 3640 2182 3680 voce
2205 3628 2260 3679 et
2278 3624 2520 3680 attonita
2554 3624 2720 3693 citat3
2755 3623 3023 3679 Achillem

672 3708 895 3764 Tatium
932 3709 1020 3763 ΠΙ
1038 3709 1105 3763 18
1128 3707 1290 3764 affert
1310 3708 1588 3764 Sudhaus:
1626 3710 1689 3760 K
1695 3707 1830 3760 αλῶ
1864 3710 1966 3779 γὰρ
2000 3711 2101 3775 τὴν
2120 3709 2341 3775 Ἑκάτην
2374 3710 2463 3761 ἐπὶ
2485 3705 2551 3761 τὸ
2585 3712 2763 3779 ἔργον.
2796 3707 2828 3761 o‘
2868 3706 2916 3760 δ’
2934 3706 3026 3776 ἄρ-

671 3813 817 3856 χεται
851 3795 1246 3861 τερατεύεσθαι
1273 3798 1363 3845 καὶ
1397 3791 1606 3863 λόγον
1638 3814 1762 3848 τινα
1785 3792 2211 3866 καταλέγειν.
2247 3794 2359 3860 ἅμα
2382 3792 2556 3862 λέγων
2580 3836 2593 3849 .
2619 3836 2632 3849 .
2658 3837 2671 3851 .
2719 3794 3025 3850 Herodotus

673 3881 701 3935 I
738 3880 865 3934 132:
916 3879 1155 3947 Μάγος
1185 3878 1360 3951 ἀνὴρ
1395 3881 1705 3948 παρεστεὼς
1751 3878 2061 3933 ἐπαείδει
2095 3882 2393 3951 θεογονίην
2439 3883 2561 3945 οἵην
2606 3877 2675 3947 δὴ
2715 3880 2911 3931 ἐκεῖνοι
2947 3877 3027 3930 λέ-

670 3983 825 4034 γουσι
848 3962 988 4016 εἶναι
1019 3963 1121 4029 τὴν
1144 3964 1400 4031 ἐπαοιδήν
1437 3967 1528 4036 (ad
1550 3968 1695 4023 hunc
1716 3968 1895 4022 locum
1918 3967 1988 4022 cf.
2011 3967 2287 4022 Dieterich
2311 3966 2572 4020 Abraoeao
2605 3982 2657 4035 p.
2682 3965 2822 4033 136).
2867 3965 3030 4021 Clara

673 4065 803 4104 voce
837 4050 936 4104 hoc
972 4065 1182 4118 quoqne
1219 4051 1331 4106 loco
1365 4068 1532 4120 maga
1553 4052 1820 4107 Hecatam
1854 4052 2113 4107 invocans
2147 4066 2249 4106 usa
2290 4057 2390 4119 est,
2427 4051 2515 4107 vel
2549 4057 2617 4106 nt
2650 4050 2874 4106 videtur
2895 4048 3031 4105 Sud-

670 4133 861 4190 hausio
880 4135 1074 4204 media,
1097 4135 1354 4193 Valerius
1371 4137 1598 4192 Flaccus
1617 4138 1925 4207 Argonaut.
1949 4138 1980 4191 I
2003 4136 2101 4191 781
2116 4153 2258 4204 sqq.:
2300 4136 2682 4207 Terqeminam
2706 4139 2824 4190 tum
2845 4135 3033 4204 placat

668 4236 826 4275 eram
848 4218 1173 4290 Stygiasque
1189 4236 1440 4291 supremo
1469 4225 1479 4291 Ι
1510 4222 1755 4276 obsecrat
1775 4222 1902 4292 igne
1919 4220 2106 4277 domos
2126 4221 2244 4277 iam
2262 4221 2380 4275 iam
2398 4221 2671 4275 saporabile
2692 4224 2840 4276 retro
2870 4223 2881 4288 Ι
2912 4235 3030 4274 car-

672 4322 800 4361 men
834 4321 1000 4376 ayens
1036 4307 1105 4374 (h.
1142 4321 1188 4361 e.
1225 4307 1466 4362 recitans
1500 4312 1599 4363 aut
1634 4324 1670 4362 a
1702 4306 1813 4375 fine
1848 4306 1922 4362 ad
1957 4307 2189 4362 initiam
2222 4307 2511 4376 revolvens,
2548 4306 2616 4362 cf.
2652 4306 2745 4362 IV.
2768 4305 2874 4374 87).
