3509 5067
603 318 644 383 8
1516 313 1784 369 Henricus
1818 312 2061 368 Schmidt
2893 311 2960 398 [8

603 490 675 553 et
701 485 947 553 milites
964 470 1047 552 'et
1075 484 1406 569 agricolas
1435 502 1555 567 per
1575 482 1904 550 sacrificia
1930 481 2342 565 auguriaque
2368 499 2405 547 e
2434 480 2578 548 deis
2612 481 2959 563 exquirere

604 594 923 672 oportere,
960 586 1121 670 quid
1155 585 1248 654 sit
1275 585 1667 669 faciendum,
1712 584 1873 666 quid
1901 584 2351 650 omittendum.
2409 582 2674 651 Deinde·
2708 585 2962 668 pergit:

603 684 700 756 Εὖ
741 689 866 775 γὰρ
909 687 1064 754 ἰ’σθι
1106 734 1122 751 .
1172 735 1186 750 .
1236 734 1252 752 .
1298 686 1400 752 ὅτι
1456 686 1521 752 οἱ
1563 688 1899 773 σώφρονες
1937 684 2048 751 καὶ
2104 683 2269 772 ὑπὲρ
2326 682 2532 772 ὖγρῶν
2575 685 2688 749 καὶ
2752 688 2961 772 ξηρῶν

606 802 868 879 καρπῶν
908 790 1019 855 καὶ
1082 794 1254 875 βοῶν
1294 789 1407 855 καὶ
1455 788 1688 854 ἵππων
1742 789 1855 852 καὶ
1911 789 2252 874 προβάτων
2307 787 2420 852 καὶ
2475 784 2640 874 ὖπὲρ
2697 791 2960 853 πάντων

605 914 677 978 γε
719 892 795 979 δὴ
835 903 964 957 τῶν
1004 895 1337 979 κτημάτων
1375 891 1525 968 τοὺς
1579 891 1780 967 θεοὺς
1818 891 2293 974 θεραπεύουσιν
2314 889 2356 956 ¹.
2436 889 2690 973 Quibus
2740 892 2963 959 verbis

607 995 985 1063 Critobulus
1015 996 1366 1078 respondet
1393 995 1627 1062 Oecon.
1664 994 1764 1061 VI
1795 994 1865 1060 1:
1901 991 2081 1057 Ἀλλὰ
2121 1002 2316 1056 ταῦτα
2356 995 2494 1073 μέν,
2537 988 2682 1079 ἔφη,
2728 987 2782 1056 ὦ
2821 997 2960 1057 Σώ-

607 1119 852 1184 κρατες,
894 1096 1107 1174 καλῶς
1143 1119 1258 1180 μοι
1294 1094 1507 1172 δοκεῖς
1535 1095 1744 1180 λέγειν
1773 1094 2049 1160 κελεύων
2086 1096 2453 1180 πειρᾶσθαι
2479 1094 2592 1158 σὺν
2617 1104 2753 1172 τοῖς
2775 1097 2961 1172 θεοῖς

607 1200 927 1287 ἄρχεσθαι
953 1197 1198 1276 παντὸς
1217 1195 1422 1284 ἔργου,
1453 1197 1544 1275 ὥς
1563 1208 1690 1262 τῶν
1716 1200 1895 1262 θεῶν
1920 1199 2155 1283 κυρίων
2185 1194 2385 1261 ὄντων
2423 1195 2604 1261 οὐδὲν
2623 1192 2808 1283 ἧττον
2833 1207 2957 1261 τῶν

607 1303 932 1390 εἰρηνικῶν
971 1298 1012 1385 ἢ
1050 1312 1178 1366 τῶν
1217 1301 1588 1384 πολεμικῶν
1629 1296 1834 1385 ἔργων
1853 1302 1896 1367 ².
1998 1300 2232 1367 Virum
2276 1300 2603 1367 excelsum
2649 1304 2722 1367 et
2775 1318 2964 1383 egre-

608 1406 786 1490 gium
843 1405 1149 1486 Socrates
1199 1423 1272 1472 se
1335 1408 1671 1488 praestat,
1729 1422 1876 1470 cum
1948 1406 2222 1469 mortem
2279 1402 2422 1470 obit
2480 1406 2551 1469 et
2607 1402 2962 1484 tranquillo

607 1509 912 1591 laetoque
941 1507 1159 1574 animo
1188 1507 1406 1574 cicuta
1434 1505 1781 1573 mortifera
1810 1507 2134 1572 exhausta
2169 1507 2324 1571 deos
2351 1510 2664 1587 precatur
2691 1505 2964 1590 (Phaed.

611 1611 735 1677 117
749 1611 808 1677 B
826 1610 920 1696 C).
1005 1611 1266 1692 Restat,
1327 1613 1404 1675 ut
1446 1608 1629 1675 illam
1674 1608 1965 1676 Socratis
2008 1607 2454 1690 precationem
2497 1610 2752 1691 addam,
2795 1625 2962 1689 quae

611 1714 695 1779 ob
751 1711 1247 1794 simplicitatem
1304 1714 1504 1792 atque
1561 1710 2045 1793 ingenuitatem
2105 1710 2304 1777 animi
2362 1710 2787 1777 vehementer
2843 1728 2963 1776 nos

608 1818 962 1898 permovet.
1048 1814 1408 1894 Praecepto
1453 1812 1625 1880 enim
1670 1812 2093 1880 satisfaciens
2153 1812 2515 1895 praeclaro,
2574 1831 2701 1894 quo
2744 1819 2964 1894 postu-

608 1918 817 2001 labat,
862 1921 938 1983 ut
980 1919 1219 1984 bonum
1262 1917 1734 1997 honestumque
1779 1919 2085 1998 peterent
2111 1915 2422 1999 homineS,
2464 1919 2782 1997 precatur
2823 1916 2965 1996 ipse

611 2020 922 2105 (Phaedr.
945 2018 1265 2102 279BG):
1310 2016 1375 2081 Ὦ
1419 2017 1572 2103 φίλε
1599 2027 1741 2082 Πᾶν
1782 2040 1851 2082 τε
1893 2018 2004 2082 καὶ
2031 2015 2216 2082 ἄλλοι
2253 2016 2399 2082 ὅσοι
2425 2015 2577 2101 τῇδε
2618 2019 2788 2090 θεοί,
2833 2015 2962 2081 δοί-

613 2124 723 2208 ητέ
745 2142 860 2204 μοι
902 2119 1079 2204 καλῷ
1105 2122 1406 2205 γενέσθαι
1444 2118 1773 2187 τᾶνδοθεν.
1867 2116 2111 2200 ἔξωθεν
2154 2117 2213 2182 δ’
2250 2118 2375 2184 ὅσα
2418 2116 2568 2198 ἔχω,
2612 2129 2752 2197 τοῖς
2794 2114 2966 2196 ἐντὸς

613 2218 780 2289 εἶναί
819 2246 936 2307 μοι
975 2223 1192 2311 φίλια·
1241 2222 1544 2289 πλούσιον
1587 2221 1658 2286 δὲ
1699 2222 2031 2306 νομίζοιμι
2070 2221 2180 2286 τὸν
2222 2222 2460 2310 σοφόν·
2515 2220 2588 2286 τὸ
2634 2221 2705 2287 δὲ
2732 2233 2967 2308 χρυσοῦ

609 2327 869 2413 πλῆθος
913 2324 1011 2411 ε’ίη
1052 2348 1169 2408 μοι
1210 2324 1361 2390 ὅσον
1417 2327 1570 2412 μήτε
1613 2329 1836 2413 φέρειν
1877 2326 2031 2412 μήτε
2083 2323 2259 2409 ἄγειν
2316 2323 2556 2389 δύναιτ’
2615 2325 2805 2403 ἄλλος
2843 2320 2884 2407 ἢ
2929 2322 2965 2389 ὃ

612 2451 916 2616 σωφρέιῖι
983 2536 1104 2598 aut
1175 2533 1364 2624 deum
1424 2550 1566 2598 esse
1639 2531 2001 2615 negabant,
2061 2536 2136 2597 ut
2198 2530 2527 2614 Diagoras
2592 2529 2830 2597 Melius
2897 2535 2967 2596 et

508 2637 516 2642 ’
610 2635 995 2701 Theodorus
1055 2633 1451 2718 Cyrenaicus
1471 2633 1498 2671 ⁸
1553 2638 1673 2700 aut
1727 2634 1800 2699 in
1867 2633 2063 2700 dubio
2120 2632 2616 2716 relinquebant,
2673 2637 2748 2698 ut
2805 2633 2965 2699 Pro-

785 2840 806 2871 ²
842 2839 994 2894 Haec
1029 2838 1364 2894 enumeratio
1392 2837 1768 2908 Xenophontis
1792 2843 1891 2908 est,
1930 2837 2025 2906 qui
2048 2839 2140 2894 vel
2162 2838 2220 2893 in
2244 2837 2439 2907 pulicis
2475 2853 2656 2892 morsu
2691 2837 2851 2892 deum
2884 2837 2967 2892 in-

608 2929 902 2981 vocaturus
951 2929 1087 2993 erat,
1134 2940 1242 2979 non
1276 2923 1529 2979 Socratis„
1598 2924 1740 2980 Item
1778 2925 1914 2980 Xen.
1950 2923 2142 2980 Oecon.
2178 2924 2260 2979 XI
2293 2923 2329 2976 8
2379 2923 2774 2993 Ischomachus,
2808 2939 2966 2991 quem

518 3053 525 3060 .
608 3008 854 3065 Socrates
895 3009 1172 3079 exemplar
1205 3009 1499 3080 praedicat,
1547 3010 1690 3065 bona
1725 3009 1960 3079 corporis
1995 3015 2296 3077 enumerat,
2333 3026 2366 3064 a
2413 3008 2649 3064 Socratis
2695 3008 2968 3065 sententia

608 3095 771 3163 plane
805 3095 1114 3151 abhorrens.

780 3178 806 3211 ²
838 3180 922 3235 De
945 3179 1191 3248 precibus
1212 3179 1497 3235 Socraticis
1518 3178 1744 3234 Maximi
1768 3179 1925 3248 Tyrii
1955 3180 2120 3235 verba
2142 3179 2314 3249 digna
2336 3184 2483 3249 sunt,
2520 3194 2663 3247 qnae
2690 3179 2968 3249 legantur,

1127 3263 1139 3279 ἱ
1226 3261 1238 3276 ⁸
1329 3265 1340 3279 n
1429 3262 1444 3282 <

609 3347 674 3401 οὐ
706 3347 1035 3416 παρόντων,·
1056 3346 1188 3451 357&
1219 3345 1276 3400 δὲ
1327 3346 1544 3415 ὁμιλίαν
1589 3350 1675 3420 (cf.
1718 3351 1964 3406 Clemens
2010 3351 2302 3406 Alexandr.
2350 3356 2534 3405 strom.
2582 3350 2695 3407 VII
2728 3349 2809 3407 31.
2859 3350 2962 3405 854

608 3435 767 3490 Pott:
795 3431 979 3486 Ἔστιν
1014 3453 1114 3486 ουν
1149 3432 1220 3488 ὥς
1245 3435 1417 3486 εἰπεῖν
1438 3431 1843 3506 τολμηρότερον
1876 3432 2059 3500 ὁιιιλία
2092 3434 2227 3503 πρὸς
2261 3433 2361 3487 τὸν
2394 3433 2589 3486 θεὸν“
2560 3456 2593 3502 η
2625 3433 2767 3499 εὐχή,
2804 3450 2965 3503 quam

533 3539 539 3545 ·
606 3519 794 3590 paullo
838 3524 964 3589 post
1010 3515 1335 3572 ἐνδιάθετον
1399 3517 1617 3587 ὁμιλίαν
1658 3520 1933 3590 nominat3
1989 3521 2213 3592 Gregor.
2260 3520 2487 3590 Nyssen.
2537 3520 2605 3575 de
2661 3520 2968 3590 precatione

607 3606 638 3660 I
695 3621 750 3675 p.
796 3605 833 3660 8
878 3604 960 3661 ed.
997 3605 1338 3675 Krabinger.
1393 3608 1488 3674 Πρ
1459 3603 1682 3669 οοοευχὴ
1729 3607 1870 3657 θεοῦ
1917 3602 2117 3675 ὁμιλία)
2182 3609 2272 3657 καὶ
2334 3602 2614 3658 διάλεκτον
2664 3604 2799 3676 πρὸς
2847 3624 2940 3658 τοι
2927 3603 2971 3659 ἱ’ς

606 3688 776 3744 &nove
810 3693 940 3758 περι
972 3691 1086 3742 τῶν
1119 3708 1266 3793 παρο
1252 3689 1434 3749 ’,ντων
1471 3693 1561 3743 καὶ
1594 3687 1811 3749 ἐπίδειξι
1793 3710 1847 3741 ιν
1879 3692 1971 3755 τῆς
1995 3688 2217 3762 ἀρετῆς·
2270 3686 2323 3755 ἢ,
2359 3692 2481 3750 οιει,
2515 3692 2683 3743 τοῦτο
2717 3687 2903 3753 εὔχετο
2939 3690 2968 3739 ὃ

611 3774 930 3843 Σωκράτηε,
977 3771 1123 3829 ὅπως
1169 3773 1323 3839 αὐτῷ
1377 3774 1626 3844 χρήματα
1668 3777 1922 3844 γένηται,
1989 3772 2022 3841 ἢ
2071 3772 2215 3831 ὅπως
2265 3772 2415 3844 ἄρξει
2471 3776 2587 3827 τῶν
2636 3773 2968 3840 Ἄθηναίων;

606 3857 813 3912 πολλοῦ
843 3879 906 3929 γε
937 3863 1027 3911 καὶ
1071 3856 1164 3917 δεῖ.
1245 3857 1372 3912 Ἀλλ’
1421 3879 1604 3923 ευχετο
1650 3862 1755 3927 μὲν
1800 3866 1913 3916 τοῖς
1958 3863 2132 3921 θεοῖς,
2182 3858 2452 3928 ἐλάμβανε
2498 3858 2557 3911 δὲ
2601 3859 2728 3929 παρ’
2778 3862 2970 3913 ἑαυτοῦ

606 3944 1071 3998 συνεπινευόντων
1103 3946 1323 3998 ἐκείνων
1355 3944 1560 4013 ἀρετὴν
1590 3947 1779 4016 ψυχῆς,
1814 3950 1903 3997 καὶ
1937 3945 2162 4014 ἡσυχίαν
2194 3950 2337 4013 βίου,
2368 3950 2458 3996 καὶ
2498 3944 2641 4010 ζωὴν
2665 3943 2969 4011 ἄμεμπτον,

605 4033 693 4081 καὶ
727 4028 946 4082 εὔελπιν
978 4028 1252 4092 θάνατον,
1285 4029 1357 4083 τὰ
1394 4032 1690 4097 θαυμαστοὶ
1723 4028 1891 4099 δῶρα,
1926 4030 1998 4083 τὰ
2030 4033 2186 4087 θεοῖς
2220 4028 2368 4087 δοτιί.

781 4114 805 4146 ⁸
837 4115 920 4170 Cf.
955 4116 1066 4172 Cic.
1102 4117 1170 4172 de
1213 4134 1267 4172 n.
1303 4116 1354 4172 d.
1391 4117 1422 4171 I
1456 4117 1506 4187 1,
1542 4118 1605 4187 23
1648 4118 1679 4172 I
1708 4117 1793 4188 23,
1828 4117 1926 4188 63;
1980 4117 2116 4188 142,
2153 4117 2282 4186 117;
2334 4117 2499 4188 Diog.
2535 4118 2684 4172 L-II
2717 4116 2802 4172 97.
2839 4116 2968 4184 lffl5

607 4200 805 4256 Sextus
837 4201 962 4257 adv.
998 4202 1166 4257 math.
1189 4202 1272 4257 IX
1293 4202 1364 4256 55
1392 4202 1530 4271 (404,
1554 4202 1624 4256 20
1647 4203 1860 4272 Bekk.),
1902 4203 2053 4259 Diels
2088 4204 2328 4273 Doxogr.
2352 4220 2405 4272 p.
2430 4202 2549 4272 591,
2574 4202 2644 4258 25
2656 4218 2735 4271 sq.
2788 4200 2968 4257 Aliter

604 4284 813 4342 iudicat
845 4285 1010 4342 Clem.
1048 4286 1203 4342 Alex.
1239 4287 1415 4342 Protr.
1453 4287 1513 4342 H
1543 4287 1630 4356 24,
1666 4287 1752 4342 20.
